%YAML 1.1
%TAG !u! tag:unity3d.com,2011:
--- !u!1 &651073658252681382
GameObject:
  m_ObjectHideFlags: 0
  m_CorrespondingSourceObject: {fileID: 0}
  m_PrefabInstance: {fileID: 0}
  m_PrefabAsset: {fileID: 0}
  serializedVersion: 6
  m_Component:
  - component: {fileID: 4562794936907666101}
  m_Layer: 0
  m_Name: floor_middlepanel
  m_TagString: Untagged
  m_Icon: {fileID: 0}
  m_NavMeshLayer: 0
  m_StaticEditorFlags: 4294967295
  m_IsActive: 1
--- !u!4 &4562794936907666101
Transform:
  m_ObjectHideFlags: 0
  m_CorrespondingSourceObject: {fileID: 0}
  m_PrefabInstance: {fileID: 0}
  m_PrefabAsset: {fileID: 0}
  m_GameObject: {fileID: 651073658252681382}
  m_LocalRotation: {x: 0, y: 0, z: 0, w: 1}
  m_LocalPosition: {x: 0, y: -0.044, z: -1}
  m_LocalScale: {x: 1, y: 1, z: 1}
  m_Children:
  - {fileID: 2948262654471190765}
  - {fileID: 1966435015726706930}
  - {fileID: 5376906608076593502}
  - {fileID: 3062140386709876958}
  - {fileID: 2924986383006534184}
  - {fileID: 7004711573865989122}
  - {fileID: 2918781622012283384}
  - {fileID: 688963474272935449}
  - {fileID: 311257534613628278}
  - {fileID: 6133464675587012710}
  - {fileID: 4657178504338867848}
  - {fileID: 8015120041234022456}
  - {fileID: 3659841778651829895}
  - {fileID: 8900533186231921332}
  - {fileID: 7368280499421460956}
  - {fileID: 3235276329485386651}
  - {fileID: 8698170607911222904}
  - {fileID: 2464424296553349870}
  - {fileID: 1801345426310160167}
  - {fileID: 5117111992866346209}
  - {fileID: 5991341903633361806}
  - {fileID: 3780295638430610884}
  - {fileID: 2968713940438494672}
  m_Father: {fileID: 0}
  m_RootOrder: 0
  m_LocalEulerAnglesHint: {x: 0, y: 0, z: 0}
--- !u!1 &2375950800247101854
GameObject:
  m_ObjectHideFlags: 0
  m_CorrespondingSourceObject: {fileID: 0}
  m_PrefabInstance: {fileID: 0}
  m_PrefabAsset: {fileID: 0}
  serializedVersion: 6
  m_Component:
  - component: {fileID: 1966435015726706930}
  - component: {fileID: 3686130696003892498}
  - component: {fileID: 1953761356213853591}
  m_Layer: 0
  m_Name: floormitte.001
  m_TagString: Untagged
  m_Icon: {fileID: 0}
  m_NavMeshLayer: 0
  m_StaticEditorFlags: 4294967295
  m_IsActive: 1
--- !u!4 &1966435015726706930
Transform:
  m_ObjectHideFlags: 0
  m_CorrespondingSourceObject: {fileID: 0}
  m_PrefabInstance: {fileID: 0}
  m_PrefabAsset: {fileID: 0}
  m_GameObject: {fileID: 2375950800247101854}
  m_LocalRotation: {x: -0.7071068, y: 0, z: -0, w: 0.7071067}
  m_LocalPosition: {x: -0, y: 0, z: 0}
  m_LocalScale: {x: 100, y: 100, z: 100}
  m_Children: []
  m_Father: {fileID: 4562794936907666101}
  m_RootOrder: 1
  m_LocalEulerAnglesHint: {x: 0, y: 0, z: 0}
--- !u!33 &3686130696003892498
MeshFilter:
  m_ObjectHideFlags: 0
  m_CorrespondingSourceObject: {fileID: 0}
  m_PrefabInstance: {fileID: 0}
  m_PrefabAsset: {fileID: 0}
  m_GameObject: {fileID: 2375950800247101854}
  m_Mesh: {fileID: 6065939139307284734, guid: 7e875b93cd5f66048ba471c847d84fba, type: 3}
--- !u!23 &1953761356213853591
MeshRenderer:
  m_ObjectHideFlags: 0
  m_CorrespondingSourceObject: {fileID: 0}
  m_PrefabInstance: {fileID: 0}
  m_PrefabAsset: {fileID: 0}
  m_GameObject: {fileID: 2375950800247101854}
  m_Enabled: 1
  m_CastShadows: 1
  m_ReceiveShadows: 1
  m_DynamicOccludee: 1
  m_MotionVectors: 1
  m_LightProbeUsage: 1
  m_ReflectionProbeUsage: 1
  m_RayTracingMode: 2
  m_RenderingLayerMask: 1
  m_RendererPriority: 0
  m_Materials:
  - {fileID: -2315404422835026341, guid: 7e875b93cd5f66048ba471c847d84fba, type: 3}
  m_StaticBatchInfo:
    firstSubMesh: 0
    subMeshCount: 0
  m_StaticBatchRoot: {fileID: 0}
  m_ProbeAnchor: {fileID: 0}
  m_LightProbeVolumeOverride: {fileID: 0}
  m_ScaleInLightmap: 1
  m_ReceiveGI: 1
  m_PreserveUVs: 0
  m_IgnoreNormalsForChartDetection: 0
  m_ImportantGI: 0
  m_StitchLightmapSeams: 1
  m_SelectedEditorRenderState: 3
  m_MinimumChartSize: 4
  m_AutoUVMaxDistance: 0.5
  m_AutoUVMaxAngle: 89
  m_LightmapParameters: {fileID: 0}
  m_SortingLayerID: 0
  m_SortingLayer: 0
  m_SortingOrder: 0
--- !u!1 &6158086327169916811
GameObject:
  m_ObjectHideFlags: 0
  m_CorrespondingSourceObject: {fileID: 0}
  m_PrefabInstance: {fileID: 0}
  m_PrefabAsset: {fileID: 0}
  serializedVersion: 6
  m_Component:
  - component: {fileID: 2948262654471190765}
  - component: {fileID: 3416118735771799542}
  - component: {fileID: 7969063298721965618}
  m_Layer: 0
  m_Name: floormitte
  m_TagString: Untagged
  m_Icon: {fileID: 0}
  m_NavMeshLayer: 0
  m_StaticEditorFlags: 4294967295
  m_IsActive: 1
--- !u!4 &2948262654471190765
Transform:
  m_ObjectHideFlags: 0
  m_CorrespondingSourceObject: {fileID: 0}
  m_PrefabInstance: {fileID: 0}
  m_PrefabAsset: {fileID: 0}
  m_GameObject: {fileID: 6158086327169916811}
  m_LocalRotation: {x: -0.7071068, y: 0, z: -0, w: 0.7071067}
  m_LocalPosition: {x: -0, y: 0, z: 0}
  m_LocalScale: {x: 100, y: 100, z: 100}
  m_Children: []
  m_Father: {fileID: 4562794936907666101}
  m_RootOrder: 0
  m_LocalEulerAnglesHint: {x: 0, y: 0, z: 0}
--- !u!33 &3416118735771799542
MeshFilter:
  m_ObjectHideFlags: 0
  m_CorrespondingSourceObject: {fileID: 0}
  m_PrefabInstance: {fileID: 0}
  m_PrefabAsset: {fileID: 0}
  m_GameObject: {fileID: 6158086327169916811}
  m_Mesh: {fileID: -8807635733163034387, guid: 7e875b93cd5f66048ba471c847d84fba, type: 3}
--- !u!23 &7969063298721965618
MeshRenderer:
  m_ObjectHideFlags: 0
  m_CorrespondingSourceObject: {fileID: 0}
  m_PrefabInstance: {fileID: 0}
  m_PrefabAsset: {fileID: 0}
  m_GameObject: {fileID: 6158086327169916811}
  m_Enabled: 1
  m_CastShadows: 1
  m_ReceiveShadows: 1
  m_DynamicOccludee: 1
  m_MotionVectors: 1
  m_LightProbeUsage: 1
  m_ReflectionProbeUsage: 1
  m_RayTracingMode: 2
  m_RenderingLayerMask: 1
  m_RendererPriority: 0
  m_Materials:
  - {fileID: -9163163211885300892, guid: 7e875b93cd5f66048ba471c847d84fba, type: 3}
  - {fileID: -2315404422835026341, guid: 7e875b93cd5f66048ba471c847d84fba, type: 3}
  m_StaticBatchInfo:
    firstSubMesh: 0
    subMeshCount: 0
  m_StaticBatchRoot: {fileID: 0}
  m_ProbeAnchor: {fileID: 0}
  m_LightProbeVolumeOverride: {fileID: 0}
  m_ScaleInLightmap: 1
  m_ReceiveGI: 1
  m_PreserveUVs: 0
  m_IgnoreNormalsForChartDetection: 0
  m_ImportantGI: 0
  m_StitchLightmapSeams: 1
  m_SelectedEditorRenderState: 3
  m_MinimumChartSize: 4
  m_AutoUVMaxDistance: 0.5
  m_AutoUVMaxAngle: 89
  m_LightmapParameters: {fileID: 0}
  m_SortingLayerID: 0
  m_SortingLayer: 0
  m_SortingOrder: 0
--- !u!1 &8255992320602781983
GameObject:
  m_ObjectHideFlags: 0
  m_CorrespondingSourceObject: {fileID: 0}
  m_PrefabInstance: {fileID: 0}
  m_PrefabAsset: {fileID: 0}
  serializedVersion: 6
  m_Component:
  - component: {fileID: 5376906608076593502}
  - component: {fileID: 4217181183185326322}
  - component: {fileID: 5454642115309749360}
  m_Layer: 0
  m_Name: Plane.039
  m_TagString: Untagged
  m_Icon: {fileID: 0}
  m_NavMeshLayer: 0
  m_StaticEditorFlags: 4294967295
  m_IsActive: 1
--- !u!4 &5376906608076593502
Transform:
  m_ObjectHideFlags: 0
  m_CorrespondingSourceObject: {fileID: 0}
  m_PrefabInstance: {fileID: 0}
  m_PrefabAsset: {fileID: 0}
  m_GameObject: {fileID: 8255992320602781983}
  m_LocalRotation: {x: -0.7071068, y: 0, z: -0, w: 0.7071067}
  m_LocalPosition: {x: -0, y: 0, z: 0}
  m_LocalScale: {x: 100, y: 100, z: 100}
  m_Children: []
  m_Father: {fileID: 4562794936907666101}
  m_RootOrder: 2
  m_LocalEulerAnglesHint: {x: 0, y: 0, z: 0}
--- !u!33 &4217181183185326322
MeshFilter:
  m_ObjectHideFlags: 0
  m_CorrespondingSourceObject: {fileID: 0}
  m_PrefabInstance: {fileID: 0}
  m_PrefabAsset: {fileID: 0}
  m_GameObject: {fileID: 8255992320602781983}
  m_Mesh: {fileID: -3260269159673002671, guid: 7e875b93cd5f66048ba471c847d84fba, type: 3}
--- !u!23 &5454642115309749360
MeshRenderer:
  m_ObjectHideFlags: 0
  m_CorrespondingSourceObject: {fileID: 0}
  m_PrefabInstance: {fileID: 0}
  m_PrefabAsset: {fileID: 0}
  m_GameObject: {fileID: 8255992320602781983}
  m_Enabled: 1
  m_CastShadows: 1
  m_ReceiveShadows: 1
  m_DynamicOccludee: 1
  m_MotionVectors: 1
  m_LightProbeUsage: 1
  m_ReflectionProbeUsage: 1
  m_RayTracingMode: 2
  m_RenderingLayerMask: 1
  m_RendererPriority: 0
  m_Materials:
  - {fileID: 2100000, guid: c19ea4e3f872ef5408ff2a889b9ed6dd, type: 2}
  m_StaticBatchInfo:
    firstSubMesh: 0
    subMeshCount: 0
  m_StaticBatchRoot: {fileID: 0}
  m_ProbeAnchor: {fileID: 0}
  m_LightProbeVolumeOverride: {fileID: 0}
  m_ScaleInLightmap: 1
  m_ReceiveGI: 1
  m_PreserveUVs: 0
  m_IgnoreNormalsForChartDetection: 0
  m_ImportantGI: 0
  m_StitchLightmapSeams: 1
  m_SelectedEditorRenderState: 3
  m_MinimumChartSize: 4
  m_AutoUVMaxDistance: 0.5
  m_AutoUVMaxAngle: 89
  m_LightmapParameters: {fileID: 0}
  m_SortingLayerID: 0
  m_SortingLayer: 0
  m_SortingOrder: 0
--- !u!1001 &178198882237890555
PrefabInstance:
  m_ObjectHideFlags: 0
  serializedVersion: 2
  m_Modification:
    m_TransformParent: {fileID: 4562794936907666101}
    m_Modifications:
    - target: {fileID: -4216859302048453862, guid: 99651689bd2c68f4eb631da25213da8c,
        type: 3}
      propertyPath: m_LocalPosition.x
      value: 0.984
      objectReference: {fileID: 0}
    - target: {fileID: -4216859302048453862, guid: 99651689bd2c68f4eb631da25213da8c,
        type: 3}
      propertyPath: m_LocalPosition.y
      value: 0
      objectReference: {fileID: 0}
    - target: {fileID: -4216859302048453862, guid: 99651689bd2c68f4eb631da25213da8c,
        type: 3}
      propertyPath: m_LocalPosition.z
      value: -3.712
      objectReference: {fileID: 0}
    - target: {fileID: -4216859302048453862, guid: 99651689bd2c68f4eb631da25213da8c,
        type: 3}
      propertyPath: m_LocalRotation.x
      value: -0.5
      objectReference: {fileID: 0}
    - target: {fileID: -4216859302048453862, guid: 99651689bd2c68f4eb631da25213da8c,
        type: 3}
      propertyPath: m_LocalRotation.y
      value: 0.5
      objectReference: {fileID: 0}
    - target: {fileID: -4216859302048453862, guid: 99651689bd2c68f4eb631da25213da8c,
        type: 3}
      propertyPath: m_LocalRotation.z
      value: 0.5
      objectReference: {fileID: 0}
    - target: {fileID: -4216859302048453862, guid: 99651689bd2c68f4eb631da25213da8c,
        type: 3}
      propertyPath: m_LocalRotation.w
      value: 0.5
      objectReference: {fileID: 0}
    - target: {fileID: -4216859302048453862, guid: 99651689bd2c68f4eb631da25213da8c,
        type: 3}
      propertyPath: m_RootOrder
      value: 19
      objectReference: {fileID: 0}
    - target: {fileID: -4216859302048453862, guid: 99651689bd2c68f4eb631da25213da8c,
        type: 3}
      propertyPath: m_LocalEulerAnglesHint.x
      value: -90.00001
      objectReference: {fileID: 0}
    - target: {fileID: -4216859302048453862, guid: 99651689bd2c68f4eb631da25213da8c,
        type: 3}
      propertyPath: m_LocalEulerAnglesHint.y
      value: 0
      objectReference: {fileID: 0}
    - target: {fileID: -4216859302048453862, guid: 99651689bd2c68f4eb631da25213da8c,
        type: 3}
      propertyPath: m_LocalEulerAnglesHint.z
      value: 90
      objectReference: {fileID: 0}
    - target: {fileID: -927199367670048503, guid: 99651689bd2c68f4eb631da25213da8c,
        type: 3}
      propertyPath: m_Name
      value: wall3_end_zschnittL
      objectReference: {fileID: 0}
    - target: {fileID: -927199367670048503, guid: 99651689bd2c68f4eb631da25213da8c,
        type: 3}
      propertyPath: m_StaticEditorFlags
      value: 4294967295
      objectReference: {fileID: 0}
    m_RemovedComponents: []
  m_SourcePrefab: {fileID: 100100000, guid: 99651689bd2c68f4eb631da25213da8c, type: 3}
--- !u!4 &5117111992866346209 stripped
Transform:
  m_CorrespondingSourceObject: {fileID: -4216859302048453862, guid: 99651689bd2c68f4eb631da25213da8c,
    type: 3}
  m_PrefabInstance: {fileID: 178198882237890555}
  m_PrefabAsset: {fileID: 0}
--- !u!1001 &421979240946052498
PrefabInstance:
  m_ObjectHideFlags: 0
  serializedVersion: 2
  m_Modification:
    m_TransformParent: {fileID: 4562794936907666101}
    m_Modifications:
    - target: {fileID: -4216859302048453862, guid: 5e7378dec8a1c304aa604adacbd14c06,
        type: 3}
      propertyPath: m_LocalPosition.x
      value: 2.009
      objectReference: {fileID: 0}
    - target: {fileID: -4216859302048453862, guid: 5e7378dec8a1c304aa604adacbd14c06,
        type: 3}
      propertyPath: m_LocalPosition.y
      value: 0.973946
      objectReference: {fileID: 0}
    - target: {fileID: -4216859302048453862, guid: 5e7378dec8a1c304aa604adacbd14c06,
        type: 3}
      propertyPath: m_LocalPosition.z
      value: -2.2
      objectReference: {fileID: 0}
    - target: {fileID: -4216859302048453862, guid: 5e7378dec8a1c304aa604adacbd14c06,
        type: 3}
      propertyPath: m_LocalRotation.x
      value: -0.27053192
      objectReference: {fileID: 0}
    - target: {fileID: -4216859302048453862, guid: 5e7378dec8a1c304aa604adacbd14c06,
        type: 3}
      propertyPath: m_LocalRotation.y
      value: 0.6531218
      objectReference: {fileID: 0}
    - target: {fileID: -4216859302048453862, guid: 5e7378dec8a1c304aa604adacbd14c06,
        type: 3}
      propertyPath: m_LocalRotation.z
      value: 0.6534411
      objectReference: {fileID: 0}
    - target: {fileID: -4216859302048453862, guid: 5e7378dec8a1c304aa604adacbd14c06,
        type: 3}
      propertyPath: m_LocalRotation.w
      value: 0.27066416
      objectReference: {fileID: 0}
    - target: {fileID: -4216859302048453862, guid: 5e7378dec8a1c304aa604adacbd14c06,
        type: 3}
      propertyPath: m_RootOrder
      value: 10
      objectReference: {fileID: 0}
    - target: {fileID: -4216859302048453862, guid: 5e7378dec8a1c304aa604adacbd14c06,
        type: 3}
      propertyPath: m_LocalEulerAnglesHint.x
      value: -89.97201
      objectReference: {fileID: 0}
    - target: {fileID: -4216859302048453862, guid: 5e7378dec8a1c304aa604adacbd14c06,
        type: 3}
      propertyPath: m_LocalEulerAnglesHint.y
      value: 0
      objectReference: {fileID: 0}
    - target: {fileID: -4216859302048453862, guid: 5e7378dec8a1c304aa604adacbd14c06,
        type: 3}
      propertyPath: m_LocalEulerAnglesHint.z
      value: 135
      objectReference: {fileID: 0}
    - target: {fileID: -1504981713932161579, guid: 5e7378dec8a1c304aa604adacbd14c06,
        type: 3}
      propertyPath: m_Materials.Array.data[0]
      value: 
      objectReference: {fileID: 2100000, guid: 8d764434295edc145807c731f57355d4, type: 2}
    - target: {fileID: -927199367670048503, guid: 5e7378dec8a1c304aa604adacbd14c06,
        type: 3}
      propertyPath: m_Name
      value: wall3_2 (1)
      objectReference: {fileID: 0}
    - target: {fileID: -927199367670048503, guid: 5e7378dec8a1c304aa604adacbd14c06,
        type: 3}
      propertyPath: m_StaticEditorFlags
      value: 4294967295
      objectReference: {fileID: 0}
    m_RemovedComponents: []
  m_SourcePrefab: {fileID: 100100000, guid: 5e7378dec8a1c304aa604adacbd14c06, type: 3}
--- !u!4 &4657178504338867848 stripped
Transform:
  m_CorrespondingSourceObject: {fileID: -4216859302048453862, guid: 5e7378dec8a1c304aa604adacbd14c06,
    type: 3}
  m_PrefabInstance: {fileID: 421979240946052498}
  m_PrefabAsset: {fileID: 0}
--- !u!1001 &1181286081725502332
PrefabInstance:
  m_ObjectHideFlags: 0
  serializedVersion: 2
  m_Modification:
    m_TransformParent: {fileID: 4562794936907666101}
    m_Modifications:
    - target: {fileID: -4216859302048453862, guid: ccd9c6f38f24d644f9bbdfa51785ce53,
        type: 3}
      propertyPath: m_LocalPosition.x
      value: -3.689
      objectReference: {fileID: 0}
    - target: {fileID: -4216859302048453862, guid: ccd9c6f38f24d644f9bbdfa51785ce53,
        type: 3}
      propertyPath: m_LocalPosition.y
      value: 0
      objectReference: {fileID: 0}
    - target: {fileID: -4216859302048453862, guid: ccd9c6f38f24d644f9bbdfa51785ce53,
        type: 3}
      propertyPath: m_LocalPosition.z
      value: 1
      objectReference: {fileID: 0}
    - target: {fileID: -4216859302048453862, guid: ccd9c6f38f24d644f9bbdfa51785ce53,
        type: 3}
      propertyPath: m_LocalRotation.x
      value: 0.70710695
      objectReference: {fileID: 0}
    - target: {fileID: -4216859302048453862, guid: ccd9c6f38f24d644f9bbdfa51785ce53,
        type: 3}
      propertyPath: m_LocalRotation.y
      value: 0
      objectReference: {fileID: 0}
    - target: {fileID: -4216859302048453862, guid: ccd9c6f38f24d644f9bbdfa51785ce53,
        type: 3}
      propertyPath: m_LocalRotation.z
      value: 0
      objectReference: {fileID: 0}
    - target: {fileID: -4216859302048453862, guid: ccd9c6f38f24d644f9bbdfa51785ce53,
        type: 3}
      propertyPath: m_LocalRotation.w
      value: -0.70710665
      objectReference: {fileID: 0}
    - target: {fileID: -4216859302048453862, guid: ccd9c6f38f24d644f9bbdfa51785ce53,
        type: 3}
      propertyPath: m_RootOrder
      value: 9
      objectReference: {fileID: 0}
    - target: {fileID: -4216859302048453862, guid: ccd9c6f38f24d644f9bbdfa51785ce53,
        type: 3}
      propertyPath: m_LocalEulerAnglesHint.x
      value: -89.99999
      objectReference: {fileID: 0}
    - target: {fileID: -4216859302048453862, guid: ccd9c6f38f24d644f9bbdfa51785ce53,
        type: 3}
      propertyPath: m_LocalEulerAnglesHint.y
      value: 180
      objectReference: {fileID: 0}
    - target: {fileID: -4216859302048453862, guid: ccd9c6f38f24d644f9bbdfa51785ce53,
        type: 3}
      propertyPath: m_LocalEulerAnglesHint.z
      value: 180
      objectReference: {fileID: 0}
    - target: {fileID: -927199367670048503, guid: ccd9c6f38f24d644f9bbdfa51785ce53,
        type: 3}
      propertyPath: m_Name
      value: wall3_end_zschnitt2 (3)
      objectReference: {fileID: 0}
    - target: {fileID: -927199367670048503, guid: ccd9c6f38f24d644f9bbdfa51785ce53,
        type: 3}
      propertyPath: m_StaticEditorFlags
      value: 4294967295
      objectReference: {fileID: 0}
    m_RemovedComponents: []
  m_SourcePrefab: {fileID: 100100000, guid: ccd9c6f38f24d644f9bbdfa51785ce53, type: 3}
--- !u!4 &6133464675587012710 stripped
Transform:
  m_CorrespondingSourceObject: {fileID: -4216859302048453862, guid: ccd9c6f38f24d644f9bbdfa51785ce53,
    type: 3}
  m_PrefabInstance: {fileID: 1181286081725502332}
  m_PrefabAsset: {fileID: 0}
--- !u!1001 &1612061588530069652
PrefabInstance:
  m_ObjectHideFlags: 0
  serializedVersion: 2
  m_Modification:
    m_TransformParent: {fileID: 4562794936907666101}
    m_Modifications:
    - target: {fileID: -4216859302048453862, guid: 99651689bd2c68f4eb631da25213da8c,
        type: 3}
      propertyPath: m_LocalPosition.x
      value: 3.679
      objectReference: {fileID: 0}
    - target: {fileID: -4216859302048453862, guid: 99651689bd2c68f4eb631da25213da8c,
        type: 3}
      propertyPath: m_LocalPosition.y
      value: 0
      objectReference: {fileID: 0}
    - target: {fileID: -4216859302048453862, guid: 99651689bd2c68f4eb631da25213da8c,
        type: 3}
      propertyPath: m_LocalPosition.z
      value: 1.011
      objectReference: {fileID: 0}
    - target: {fileID: -4216859302048453862, guid: 99651689bd2c68f4eb631da25213da8c,
        type: 3}
      propertyPath: m_LocalRotation.x
      value: -0.7071068
      objectReference: {fileID: 0}
    - target: {fileID: -4216859302048453862, guid: 99651689bd2c68f4eb631da25213da8c,
        type: 3}
      propertyPath: m_LocalRotation.y
      value: 0
      objectReference: {fileID: 0}
    - target: {fileID: -4216859302048453862, guid: 99651689bd2c68f4eb631da25213da8c,
        type: 3}
      propertyPath: m_LocalRotation.z
      value: 0
      objectReference: {fileID: 0}
    - target: {fileID: -4216859302048453862, guid: 99651689bd2c68f4eb631da25213da8c,
        type: 3}
      propertyPath: m_LocalRotation.w
      value: 0.7071068
      objectReference: {fileID: 0}
    - target: {fileID: -4216859302048453862, guid: 99651689bd2c68f4eb631da25213da8c,
        type: 3}
      propertyPath: m_RootOrder
      value: 20
      objectReference: {fileID: 0}
    - target: {fileID: -4216859302048453862, guid: 99651689bd2c68f4eb631da25213da8c,
        type: 3}
      propertyPath: m_LocalEulerAnglesHint.x
      value: -90.00001
      objectReference: {fileID: 0}
    - target: {fileID: -4216859302048453862, guid: 99651689bd2c68f4eb631da25213da8c,
        type: 3}
      propertyPath: m_LocalEulerAnglesHint.y
      value: 0
      objectReference: {fileID: 0}
    - target: {fileID: -4216859302048453862, guid: 99651689bd2c68f4eb631da25213da8c,
        type: 3}
      propertyPath: m_LocalEulerAnglesHint.z
      value: 0
      objectReference: {fileID: 0}
    - target: {fileID: -927199367670048503, guid: 99651689bd2c68f4eb631da25213da8c,
        type: 3}
      propertyPath: m_Name
      value: wall3_end_zschnittL (1)
      objectReference: {fileID: 0}
    - target: {fileID: -927199367670048503, guid: 99651689bd2c68f4eb631da25213da8c,
        type: 3}
      propertyPath: m_StaticEditorFlags
      value: 4294967295
      objectReference: {fileID: 0}
    m_RemovedComponents: []
  m_SourcePrefab: {fileID: 100100000, guid: 99651689bd2c68f4eb631da25213da8c, type: 3}
--- !u!4 &5991341903633361806 stripped
Transform:
  m_CorrespondingSourceObject: {fileID: -4216859302048453862, guid: 99651689bd2c68f4eb631da25213da8c,
    type: 3}
  m_PrefabInstance: {fileID: 1612061588530069652}
  m_PrefabAsset: {fileID: 0}
--- !u!1001 &2538852465997877958
PrefabInstance:
  m_ObjectHideFlags: 0
  serializedVersion: 2
  m_Modification:
    m_TransformParent: {fileID: 4562794936907666101}
    m_Modifications:
    - target: {fileID: -4216859302048453862, guid: c15ed9886cf2a0c408df92508a743cab,
        type: 3}
      propertyPath: m_LocalPosition.x
      value: -1.21
      objectReference: {fileID: 0}
    - target: {fileID: -4216859302048453862, guid: c15ed9886cf2a0c408df92508a743cab,
        type: 3}
      propertyPath: m_LocalPosition.y
      value: 0.973946
      objectReference: {fileID: 0}
    - target: {fileID: -4216859302048453862, guid: c15ed9886cf2a0c408df92508a743cab,
        type: 3}
      propertyPath: m_LocalPosition.z
      value: -3.05
      objectReference: {fileID: 0}
    - target: {fileID: -4216859302048453862, guid: c15ed9886cf2a0c408df92508a743cab,
        type: 3}
      propertyPath: m_LocalRotation.x
      value: 0.3410405
      objectReference: {fileID: 0}
    - target: {fileID: -4216859302048453862, guid: c15ed9886cf2a0c408df92508a743cab,
        type: 3}
      propertyPath: m_LocalRotation.y
      value: 0.6194283
      objectReference: {fileID: 0}
    - target: {fileID: -4216859302048453862, guid: c15ed9886cf2a0c408df92508a743cab,
        type: 3}
      propertyPath: m_LocalRotation.z
      value: 0.6194283
      objectReference: {fileID: 0}
    - target: {fileID: -4216859302048453862, guid: c15ed9886cf2a0c408df92508a743cab,
        type: 3}
      propertyPath: m_LocalRotation.w
      value: -0.3410405
      objectReference: {fileID: 0}
    - target: {fileID: -4216859302048453862, guid: c15ed9886cf2a0c408df92508a743cab,
        type: 3}
      propertyPath: m_RootOrder
      value: 14
      objectReference: {fileID: 0}
    - target: {fileID: -4216859302048453862, guid: c15ed9886cf2a0c408df92508a743cab,
        type: 3}
      propertyPath: m_LocalEulerAnglesHint.x
      value: -90.00001
      objectReference: {fileID: 0}
    - target: {fileID: -4216859302048453862, guid: c15ed9886cf2a0c408df92508a743cab,
        type: 3}
      propertyPath: m_LocalEulerAnglesHint.y
      value: 0
      objectReference: {fileID: 0}
    - target: {fileID: -4216859302048453862, guid: c15ed9886cf2a0c408df92508a743cab,
        type: 3}
      propertyPath: m_LocalEulerAnglesHint.z
      value: 237.672
      objectReference: {fileID: 0}
    - target: {fileID: -1504981713932161579, guid: c15ed9886cf2a0c408df92508a743cab,
        type: 3}
      propertyPath: m_Materials.Array.data[0]
      value: 
      objectReference: {fileID: 2100000, guid: cf19227a08b4b5342b702fbdb34a67a9, type: 2}
    - target: {fileID: -927199367670048503, guid: c15ed9886cf2a0c408df92508a743cab,
        type: 3}
      propertyPath: m_Name
      value: zwischenteil_wall (4)
      objectReference: {fileID: 0}
    - target: {fileID: -927199367670048503, guid: c15ed9886cf2a0c408df92508a743cab,
        type: 3}
      propertyPath: m_StaticEditorFlags
      value: 4294967295
      objectReference: {fileID: 0}
    m_RemovedComponents: []
  m_SourcePrefab: {fileID: 100100000, guid: c15ed9886cf2a0c408df92508a743cab, type: 3}
--- !u!4 &7368280499421460956 stripped
Transform:
  m_CorrespondingSourceObject: {fileID: -4216859302048453862, guid: c15ed9886cf2a0c408df92508a743cab,
    type: 3}
  m_PrefabInstance: {fileID: 2538852465997877958}
  m_PrefabAsset: {fileID: 0}
--- !u!1001 &2616319661788114712
PrefabInstance:
  m_ObjectHideFlags: 0
  serializedVersion: 2
  m_Modification:
    m_TransformParent: {fileID: 4562794936907666101}
    m_Modifications:
    - target: {fileID: -4216859302048453862, guid: c15ed9886cf2a0c408df92508a743cab,
        type: 3}
      propertyPath: m_LocalPosition.x
      value: 1.2
      objectReference: {fileID: 0}
    - target: {fileID: -4216859302048453862, guid: c15ed9886cf2a0c408df92508a743cab,
        type: 3}
      propertyPath: m_LocalPosition.y
      value: 0.973946
      objectReference: {fileID: 0}
    - target: {fileID: -4216859302048453862, guid: c15ed9886cf2a0c408df92508a743cab,
        type: 3}
      propertyPath: m_LocalPosition.z
      value: 3.068
      objectReference: {fileID: 0}
    - target: {fileID: -4216859302048453862, guid: c15ed9886cf2a0c408df92508a743cab,
        type: 3}
      propertyPath: m_LocalRotation.x
      value: -0.59636784
      objectReference: {fileID: 0}
    - target: {fileID: -4216859302048453862, guid: c15ed9886cf2a0c408df92508a743cab,
        type: 3}
      propertyPath: m_LocalRotation.y
      value: 0.3799282
      objectReference: {fileID: 0}
    - target: {fileID: -4216859302048453862, guid: c15ed9886cf2a0c408df92508a743cab,
        type: 3}
      propertyPath: m_LocalRotation.z
      value: 0.3799282
      objectReference: {fileID: 0}
    - target: {fileID: -4216859302048453862, guid: c15ed9886cf2a0c408df92508a743cab,
        type: 3}
      propertyPath: m_LocalRotation.w
      value: 0.59636784
      objectReference: {fileID: 0}
    - target: {fileID: -4216859302048453862, guid: c15ed9886cf2a0c408df92508a743cab,
        type: 3}
      propertyPath: m_RootOrder
      value: 5
      objectReference: {fileID: 0}
    - target: {fileID: -4216859302048453862, guid: c15ed9886cf2a0c408df92508a743cab,
        type: 3}
      propertyPath: m_LocalEulerAnglesHint.x
      value: -90.00001
      objectReference: {fileID: 0}
    - target: {fileID: -4216859302048453862, guid: c15ed9886cf2a0c408df92508a743cab,
        type: 3}
      propertyPath: m_LocalEulerAnglesHint.y
      value: 0
      objectReference: {fileID: 0}
    - target: {fileID: -4216859302048453862, guid: c15ed9886cf2a0c408df92508a743cab,
        type: 3}
      propertyPath: m_LocalEulerAnglesHint.z
      value: 65
      objectReference: {fileID: 0}
    - target: {fileID: -1504981713932161579, guid: c15ed9886cf2a0c408df92508a743cab,
        type: 3}
      propertyPath: m_Materials.Array.data[0]
      value: 
      objectReference: {fileID: 2100000, guid: cf19227a08b4b5342b702fbdb34a67a9, type: 2}
    - target: {fileID: -927199367670048503, guid: c15ed9886cf2a0c408df92508a743cab,
        type: 3}
      propertyPath: m_Name
      value: zwischenteil_wall
      objectReference: {fileID: 0}
    - target: {fileID: -927199367670048503, guid: c15ed9886cf2a0c408df92508a743cab,
        type: 3}
      propertyPath: m_StaticEditorFlags
      value: 4294967295
      objectReference: {fileID: 0}
    m_RemovedComponents: []
  m_SourcePrefab: {fileID: 100100000, guid: c15ed9886cf2a0c408df92508a743cab, type: 3}
--- !u!4 &7004711573865989122 stripped
Transform:
  m_CorrespondingSourceObject: {fileID: -4216859302048453862, guid: c15ed9886cf2a0c408df92508a743cab,
    type: 3}
  m_PrefabInstance: {fileID: 2616319661788114712}
  m_PrefabAsset: {fileID: 0}
--- !u!1001 &3044954485077568290
PrefabInstance:
  m_ObjectHideFlags: 0
  serializedVersion: 2
  m_Modification:
    m_TransformParent: {fileID: 4562794936907666101}
    m_Modifications:
    - target: {fileID: -4216859302048453862, guid: c15ed9886cf2a0c408df92508a743cab,
        type: 3}
      propertyPath: m_LocalPosition.x
      value: 3.04
      objectReference: {fileID: 0}
    - target: {fileID: -4216859302048453862, guid: c15ed9886cf2a0c408df92508a743cab,
        type: 3}
      propertyPath: m_LocalPosition.y
      value: 0.973946
      objectReference: {fileID: 0}
    - target: {fileID: -4216859302048453862, guid: c15ed9886cf2a0c408df92508a743cab,
        type: 3}
      propertyPath: m_LocalPosition.z
      value: -1.217
      objectReference: {fileID: 0}
    - target: {fileID: -4216859302048453862, guid: c15ed9886cf2a0c408df92508a743cab,
        type: 3}
      propertyPath: m_LocalRotation.x
      value: -0.18301274
      objectReference: {fileID: 0}
    - target: {fileID: -4216859302048453862, guid: c15ed9886cf2a0c408df92508a743cab,
        type: 3}
      propertyPath: m_LocalRotation.y
      value: 0.6830127
      objectReference: {fileID: 0}
    - target: {fileID: -4216859302048453862, guid: c15ed9886cf2a0c408df92508a743cab,
        type: 3}
      propertyPath: m_LocalRotation.z
      value: 0.6830127
      objectReference: {fileID: 0}
    - target: {fileID: -4216859302048453862, guid: c15ed9886cf2a0c408df92508a743cab,
        type: 3}
      propertyPath: m_LocalRotation.w
      value: 0.18301274
      objectReference: {fileID: 0}
    - target: {fileID: -4216859302048453862, guid: c15ed9886cf2a0c408df92508a743cab,
        type: 3}
      propertyPath: m_RootOrder
      value: 11
      objectReference: {fileID: 0}
    - target: {fileID: -4216859302048453862, guid: c15ed9886cf2a0c408df92508a743cab,
        type: 3}
      propertyPath: m_LocalEulerAnglesHint.x
      value: -90.00001
      objectReference: {fileID: 0}
    - target: {fileID: -4216859302048453862, guid: c15ed9886cf2a0c408df92508a743cab,
        type: 3}
      propertyPath: m_LocalEulerAnglesHint.y
      value: 0
      objectReference: {fileID: 0}
    - target: {fileID: -4216859302048453862, guid: c15ed9886cf2a0c408df92508a743cab,
        type: 3}
      propertyPath: m_LocalEulerAnglesHint.z
      value: 150
      objectReference: {fileID: 0}
    - target: {fileID: -1504981713932161579, guid: c15ed9886cf2a0c408df92508a743cab,
        type: 3}
      propertyPath: m_Materials.Array.data[0]
      value: 
      objectReference: {fileID: 2100000, guid: cf19227a08b4b5342b702fbdb34a67a9, type: 2}
    - target: {fileID: -927199367670048503, guid: c15ed9886cf2a0c408df92508a743cab,
        type: 3}
      propertyPath: m_Name
      value: zwischenteil_wall (2)
      objectReference: {fileID: 0}
    - target: {fileID: -927199367670048503, guid: c15ed9886cf2a0c408df92508a743cab,
        type: 3}
      propertyPath: m_StaticEditorFlags
      value: 4294967295
      objectReference: {fileID: 0}
    m_RemovedComponents: []
  m_SourcePrefab: {fileID: 100100000, guid: c15ed9886cf2a0c408df92508a743cab, type: 3}
--- !u!4 &8015120041234022456 stripped
Transform:
  m_CorrespondingSourceObject: {fileID: -4216859302048453862, guid: c15ed9886cf2a0c408df92508a743cab,
    type: 3}
  m_PrefabInstance: {fileID: 3044954485077568290}
  m_PrefabAsset: {fileID: 0}
--- !u!1001 &4453119793365718370
PrefabInstance:
  m_ObjectHideFlags: 0
  serializedVersion: 2
  m_Modification:
    m_TransformParent: {fileID: 4562794936907666101}
    m_Modifications:
    - target: {fileID: -4216859302048453862, guid: 5e7378dec8a1c304aa604adacbd14c06,
        type: 3}
      propertyPath: m_LocalPosition.x
      value: -2.045
      objectReference: {fileID: 0}
    - target: {fileID: -4216859302048453862, guid: 5e7378dec8a1c304aa604adacbd14c06,
        type: 3}
      propertyPath: m_LocalPosition.y
      value: 0.973946
      objectReference: {fileID: 0}
    - target: {fileID: -4216859302048453862, guid: 5e7378dec8a1c304aa604adacbd14c06,
        type: 3}
      propertyPath: m_LocalPosition.z
      value: 2.193
      objectReference: {fileID: 0}
    - target: {fileID: -4216859302048453862, guid: 5e7378dec8a1c304aa604adacbd14c06,
        type: 3}
      propertyPath: m_LocalRotation.x
      value: -0.6532815
      objectReference: {fileID: 0}
    - target: {fileID: -4216859302048453862, guid: 5e7378dec8a1c304aa604adacbd14c06,
        type: 3}
      propertyPath: m_LocalRotation.y
      value: -0.27059805
      objectReference: {fileID: 0}
    - target: {fileID: -4216859302048453862, guid: 5e7378dec8a1c304aa604adacbd14c06,
        type: 3}
      propertyPath: m_LocalRotation.z
      value: -0.27059805
      objectReference: {fileID: 0}
    - target: {fileID: -4216859302048453862, guid: 5e7378dec8a1c304aa604adacbd14c06,
        type: 3}
      propertyPath: m_LocalRotation.w
      value: 0.6532815
      objectReference: {fileID: 0}
    - target: {fileID: -4216859302048453862, guid: 5e7378dec8a1c304aa604adacbd14c06,
        type: 3}
      propertyPath: m_RootOrder
      value: 16
      objectReference: {fileID: 0}
    - target: {fileID: -4216859302048453862, guid: 5e7378dec8a1c304aa604adacbd14c06,
        type: 3}
      propertyPath: m_LocalEulerAnglesHint.x
      value: -90.00001
      objectReference: {fileID: 0}
    - target: {fileID: -4216859302048453862, guid: 5e7378dec8a1c304aa604adacbd14c06,
        type: 3}
      propertyPath: m_LocalEulerAnglesHint.y
      value: 0
      objectReference: {fileID: 0}
    - target: {fileID: -4216859302048453862, guid: 5e7378dec8a1c304aa604adacbd14c06,
        type: 3}
      propertyPath: m_LocalEulerAnglesHint.z
      value: -45
      objectReference: {fileID: 0}
    - target: {fileID: -1504981713932161579, guid: 5e7378dec8a1c304aa604adacbd14c06,
        type: 3}
      propertyPath: m_Materials.Array.data[0]
      value: 
      objectReference: {fileID: 2100000, guid: 8d764434295edc145807c731f57355d4, type: 2}
    - target: {fileID: -927199367670048503, guid: 5e7378dec8a1c304aa604adacbd14c06,
        type: 3}
      propertyPath: m_Name
      value: wall3_2 (3)
      objectReference: {fileID: 0}
    - target: {fileID: -927199367670048503, guid: 5e7378dec8a1c304aa604adacbd14c06,
        type: 3}
      propertyPath: m_StaticEditorFlags
      value: 4294967295
      objectReference: {fileID: 0}
    m_RemovedComponents: []
  m_SourcePrefab: {fileID: 100100000, guid: 5e7378dec8a1c304aa604adacbd14c06, type: 3}
--- !u!4 &8698170607911222904 stripped
Transform:
  m_CorrespondingSourceObject: {fileID: -4216859302048453862, guid: 5e7378dec8a1c304aa604adacbd14c06,
    type: 3}
  m_PrefabInstance: {fileID: 4453119793365718370}
  m_PrefabAsset: {fileID: 0}
--- !u!1001 &4539556990987551150
PrefabInstance:
  m_ObjectHideFlags: 0
  serializedVersion: 2
  m_Modification:
    m_TransformParent: {fileID: 4562794936907666101}
    m_Modifications:
    - target: {fileID: -4216859302048453862, guid: 5e7378dec8a1c304aa604adacbd14c06,
        type: 3}
      propertyPath: m_LocalPosition.x
      value: -2.198
      objectReference: {fileID: 0}
    - target: {fileID: -4216859302048453862, guid: 5e7378dec8a1c304aa604adacbd14c06,
        type: 3}
      propertyPath: m_LocalPosition.y
      value: 0.973946
      objectReference: {fileID: 0}
    - target: {fileID: -4216859302048453862, guid: 5e7378dec8a1c304aa604adacbd14c06,
        type: 3}
      propertyPath: m_LocalPosition.z
      value: -2.033
      objectReference: {fileID: 0}
    - target: {fileID: -4216859302048453862, guid: 5e7378dec8a1c304aa604adacbd14c06,
        type: 3}
      propertyPath: m_LocalRotation.x
      value: 0.26832077
      objectReference: {fileID: 0}
    - target: {fileID: -4216859302048453862, guid: 5e7378dec8a1c304aa604adacbd14c06,
        type: 3}
      propertyPath: m_LocalRotation.y
      value: 0.65421873
      objectReference: {fileID: 0}
    - target: {fileID: -4216859302048453862, guid: 5e7378dec8a1c304aa604adacbd14c06,
        type: 3}
      propertyPath: m_LocalRotation.z
      value: 0.6543521
      objectReference: {fileID: 0}
    - target: {fileID: -4216859302048453862, guid: 5e7378dec8a1c304aa604adacbd14c06,
        type: 3}
      propertyPath: m_LocalRotation.w
      value: -0.26800218
      objectReference: {fileID: 0}
    - target: {fileID: -4216859302048453862, guid: 5e7378dec8a1c304aa604adacbd14c06,
        type: 3}
      propertyPath: m_RootOrder
      value: 13
      objectReference: {fileID: 0}
    - target: {fileID: -4216859302048453862, guid: 5e7378dec8a1c304aa604adacbd14c06,
        type: 3}
      propertyPath: m_LocalEulerAnglesHint.x
      value: -89.98
      objectReference: {fileID: 0}
    - target: {fileID: -4216859302048453862, guid: 5e7378dec8a1c304aa604adacbd14c06,
        type: 3}
      propertyPath: m_LocalEulerAnglesHint.y
      value: 0
      objectReference: {fileID: 0}
    - target: {fileID: -4216859302048453862, guid: 5e7378dec8a1c304aa604adacbd14c06,
        type: 3}
      propertyPath: m_LocalEulerAnglesHint.z
      value: 224.545
      objectReference: {fileID: 0}
    - target: {fileID: -1504981713932161579, guid: 5e7378dec8a1c304aa604adacbd14c06,
        type: 3}
      propertyPath: m_Materials.Array.data[0]
      value: 
      objectReference: {fileID: 2100000, guid: 8d764434295edc145807c731f57355d4, type: 2}
    - target: {fileID: -927199367670048503, guid: 5e7378dec8a1c304aa604adacbd14c06,
        type: 3}
      propertyPath: m_Name
      value: wall3_2 (2)
      objectReference: {fileID: 0}
    - target: {fileID: -927199367670048503, guid: 5e7378dec8a1c304aa604adacbd14c06,
        type: 3}
      propertyPath: m_StaticEditorFlags
      value: 4294967295
      objectReference: {fileID: 0}
    m_RemovedComponents: []
  m_SourcePrefab: {fileID: 100100000, guid: 5e7378dec8a1c304aa604adacbd14c06, type: 3}
--- !u!4 &8900533186231921332 stripped
Transform:
  m_CorrespondingSourceObject: {fileID: -4216859302048453862, guid: 5e7378dec8a1c304aa604adacbd14c06,
    type: 3}
  m_PrefabInstance: {fileID: 4539556990987551150}
  m_PrefabAsset: {fileID: 0}
--- !u!1001 &4695983215412153964
PrefabInstance:
  m_ObjectHideFlags: 0
  serializedVersion: 2
  m_Modification:
    m_TransformParent: {fileID: 4562794936907666101}
    m_Modifications:
    - target: {fileID: -4216859302048453862, guid: ccd9c6f38f24d644f9bbdfa51785ce53,
        type: 3}
      propertyPath: m_LocalPosition.x
      value: -0.999
      objectReference: {fileID: 0}
    - target: {fileID: -4216859302048453862, guid: ccd9c6f38f24d644f9bbdfa51785ce53,
        type: 3}
      propertyPath: m_LocalPosition.y
      value: 0
      objectReference: {fileID: 0}
    - target: {fileID: -4216859302048453862, guid: ccd9c6f38f24d644f9bbdfa51785ce53,
        type: 3}
      propertyPath: m_LocalPosition.z
      value: -3.672
      objectReference: {fileID: 0}
    - target: {fileID: -4216859302048453862, guid: ccd9c6f38f24d644f9bbdfa51785ce53,
        type: 3}
      propertyPath: m_LocalRotation.x
      value: 0.5000001
      objectReference: {fileID: 0}
    - target: {fileID: -4216859302048453862, guid: ccd9c6f38f24d644f9bbdfa51785ce53,
        type: 3}
      propertyPath: m_LocalRotation.y
      value: 0.5000001
      objectReference: {fileID: 0}
    - target: {fileID: -4216859302048453862, guid: ccd9c6f38f24d644f9bbdfa51785ce53,
        type: 3}
      propertyPath: m_LocalRotation.z
      value: 0.4999999
      objectReference: {fileID: 0}
    - target: {fileID: -4216859302048453862, guid: ccd9c6f38f24d644f9bbdfa51785ce53,
        type: 3}
      propertyPath: m_LocalRotation.w
      value: -0.4999999
      objectReference: {fileID: 0}
    - target: {fileID: -4216859302048453862, guid: ccd9c6f38f24d644f9bbdfa51785ce53,
        type: 3}
      propertyPath: m_RootOrder
      value: 8
      objectReference: {fileID: 0}
    - target: {fileID: -4216859302048453862, guid: ccd9c6f38f24d644f9bbdfa51785ce53,
        type: 3}
      propertyPath: m_LocalEulerAnglesHint.x
      value: -89.99999
      objectReference: {fileID: 0}
    - target: {fileID: -4216859302048453862, guid: ccd9c6f38f24d644f9bbdfa51785ce53,
        type: 3}
      propertyPath: m_LocalEulerAnglesHint.y
      value: 180
      objectReference: {fileID: 0}
    - target: {fileID: -4216859302048453862, guid: ccd9c6f38f24d644f9bbdfa51785ce53,
        type: 3}
      propertyPath: m_LocalEulerAnglesHint.z
      value: 90
      objectReference: {fileID: 0}
    - target: {fileID: -927199367670048503, guid: ccd9c6f38f24d644f9bbdfa51785ce53,
        type: 3}
      propertyPath: m_Name
      value: wall3_end_zschnitt2 (2)
      objectReference: {fileID: 0}
    - target: {fileID: -927199367670048503, guid: ccd9c6f38f24d644f9bbdfa51785ce53,
        type: 3}
      propertyPath: m_StaticEditorFlags
      value: 4294967295
      objectReference: {fileID: 0}
    m_RemovedComponents: []
  m_SourcePrefab: {fileID: 100100000, guid: ccd9c6f38f24d644f9bbdfa51785ce53, type: 3}
--- !u!4 &311257534613628278 stripped
Transform:
  m_CorrespondingSourceObject: {fileID: -4216859302048453862, guid: ccd9c6f38f24d644f9bbdfa51785ce53,
    type: 3}
  m_PrefabInstance: {fileID: 4695983215412153964}
  m_PrefabAsset: {fileID: 0}
--- !u!1001 &5545343393830827267
PrefabInstance:
  m_ObjectHideFlags: 0
  serializedVersion: 2
  m_Modification:
    m_TransformParent: {fileID: 4562794936907666101}
    m_Modifications:
    - target: {fileID: -4216859302048453862, guid: ccd9c6f38f24d644f9bbdfa51785ce53,
        type: 3}
      propertyPath: m_LocalPosition.x
      value: 3.674
      objectReference: {fileID: 0}
    - target: {fileID: -4216859302048453862, guid: ccd9c6f38f24d644f9bbdfa51785ce53,
        type: 3}
      propertyPath: m_LocalPosition.y
      value: 0
      objectReference: {fileID: 0}
    - target: {fileID: -4216859302048453862, guid: ccd9c6f38f24d644f9bbdfa51785ce53,
        type: 3}
      propertyPath: m_LocalPosition.z
      value: -0.994
      objectReference: {fileID: 0}
    - target: {fileID: -4216859302048453862, guid: ccd9c6f38f24d644f9bbdfa51785ce53,
        type: 3}
      propertyPath: m_LocalRotation.x
      value: 0
      objectReference: {fileID: 0}
    - target: {fileID: -4216859302048453862, guid: ccd9c6f38f24d644f9bbdfa51785ce53,
        type: 3}
      propertyPath: m_LocalRotation.y
      value: 0.70710695
      objectReference: {fileID: 0}
    - target: {fileID: -4216859302048453862, guid: ccd9c6f38f24d644f9bbdfa51785ce53,
        type: 3}
      propertyPath: m_LocalRotation.z
      value: 0.70710665
      objectReference: {fileID: 0}
    - target: {fileID: -4216859302048453862, guid: ccd9c6f38f24d644f9bbdfa51785ce53,
        type: 3}
      propertyPath: m_LocalRotation.w
      value: 0
      objectReference: {fileID: 0}
    - target: {fileID: -4216859302048453862, guid: ccd9c6f38f24d644f9bbdfa51785ce53,
        type: 3}
      propertyPath: m_RootOrder
      value: 7
      objectReference: {fileID: 0}
    - target: {fileID: -4216859302048453862, guid: ccd9c6f38f24d644f9bbdfa51785ce53,
        type: 3}
      propertyPath: m_LocalEulerAnglesHint.x
      value: -89.99999
      objectReference: {fileID: 0}
    - target: {fileID: -4216859302048453862, guid: ccd9c6f38f24d644f9bbdfa51785ce53,
        type: 3}
      propertyPath: m_LocalEulerAnglesHint.y
      value: 180
      objectReference: {fileID: 0}
    - target: {fileID: -4216859302048453862, guid: ccd9c6f38f24d644f9bbdfa51785ce53,
        type: 3}
      propertyPath: m_LocalEulerAnglesHint.z
      value: 0
      objectReference: {fileID: 0}
    - target: {fileID: -927199367670048503, guid: ccd9c6f38f24d644f9bbdfa51785ce53,
        type: 3}
      propertyPath: m_Name
      value: wall3_end_zschnitt2 (1)
      objectReference: {fileID: 0}
    - target: {fileID: -927199367670048503, guid: ccd9c6f38f24d644f9bbdfa51785ce53,
        type: 3}
      propertyPath: m_StaticEditorFlags
      value: 4294967295
      objectReference: {fileID: 0}
    m_RemovedComponents: []
  m_SourcePrefab: {fileID: 100100000, guid: ccd9c6f38f24d644f9bbdfa51785ce53, type: 3}
--- !u!4 &688963474272935449 stripped
Transform:
  m_CorrespondingSourceObject: {fileID: -4216859302048453862, guid: ccd9c6f38f24d644f9bbdfa51785ce53,
    type: 3}
  m_PrefabInstance: {fileID: 5545343393830827267}
  m_PrefabAsset: {fileID: 0}
--- !u!1001 &6738826302798984253
PrefabInstance:
  m_ObjectHideFlags: 0
  serializedVersion: 2
  m_Modification:
    m_TransformParent: {fileID: 4562794936907666101}
    m_Modifications:
    - target: {fileID: -4216859302048453862, guid: c15ed9886cf2a0c408df92508a743cab,
        type: 3}
      propertyPath: m_LocalPosition.x
      value: -1.192
      objectReference: {fileID: 0}
    - target: {fileID: -4216859302048453862, guid: c15ed9886cf2a0c408df92508a743cab,
        type: 3}
      propertyPath: m_LocalPosition.y
      value: 0.973946
      objectReference: {fileID: 0}
    - target: {fileID: -4216859302048453862, guid: c15ed9886cf2a0c408df92508a743cab,
        type: 3}
      propertyPath: m_LocalPosition.z
      value: 3.079
      objectReference: {fileID: 0}
    - target: {fileID: -4216859302048453862, guid: c15ed9886cf2a0c408df92508a743cab,
        type: 3}
      propertyPath: m_LocalRotation.x
      value: -0.63506216
      objectReference: {fileID: 0}
    - target: {fileID: -4216859302048453862, guid: c15ed9886cf2a0c408df92508a743cab,
        type: 3}
      propertyPath: m_LocalRotation.y
      value: -0.31095988
      objectReference: {fileID: 0}
    - target: {fileID: -4216859302048453862, guid: c15ed9886cf2a0c408df92508a743cab,
        type: 3}
      propertyPath: m_LocalRotation.z
      value: -0.31095988
      objectReference: {fileID: 0}
    - target: {fileID: -4216859302048453862, guid: c15ed9886cf2a0c408df92508a743cab,
        type: 3}
      propertyPath: m_LocalRotation.w
      value: 0.63506216
      objectReference: {fileID: 0}
    - target: {fileID: -4216859302048453862, guid: c15ed9886cf2a0c408df92508a743cab,
        type: 3}
      propertyPath: m_RootOrder
      value: 18
      objectReference: {fileID: 0}
    - target: {fileID: -4216859302048453862, guid: c15ed9886cf2a0c408df92508a743cab,
        type: 3}
      propertyPath: m_LocalEulerAnglesHint.x
      value: -90.00001
      objectReference: {fileID: 0}
    - target: {fileID: -4216859302048453862, guid: c15ed9886cf2a0c408df92508a743cab,
        type: 3}
      propertyPath: m_LocalEulerAnglesHint.y
      value: 0
      objectReference: {fileID: 0}
    - target: {fileID: -4216859302048453862, guid: c15ed9886cf2a0c408df92508a743cab,
        type: 3}
      propertyPath: m_LocalEulerAnglesHint.z
      value: -52.178
      objectReference: {fileID: 0}
    - target: {fileID: -1504981713932161579, guid: c15ed9886cf2a0c408df92508a743cab,
        type: 3}
      propertyPath: m_Materials.Array.data[0]
      value: 
      objectReference: {fileID: 2100000, guid: cf19227a08b4b5342b702fbdb34a67a9, type: 2}
    - target: {fileID: -927199367670048503, guid: c15ed9886cf2a0c408df92508a743cab,
        type: 3}
      propertyPath: m_Name
      value: zwischenteil_wall (7)
      objectReference: {fileID: 0}
    - target: {fileID: -927199367670048503, guid: c15ed9886cf2a0c408df92508a743cab,
        type: 3}
      propertyPath: m_StaticEditorFlags
      value: 4294967295
      objectReference: {fileID: 0}
    m_RemovedComponents: []
  m_SourcePrefab: {fileID: 100100000, guid: c15ed9886cf2a0c408df92508a743cab, type: 3}
--- !u!4 &1801345426310160167 stripped
Transform:
  m_CorrespondingSourceObject: {fileID: -4216859302048453862, guid: c15ed9886cf2a0c408df92508a743cab,
    type: 3}
  m_PrefabInstance: {fileID: 6738826302798984253}
  m_PrefabAsset: {fileID: 0}
--- !u!1001 &7442708667993827828
PrefabInstance:
  m_ObjectHideFlags: 0
  serializedVersion: 2
  m_Modification:
    m_TransformParent: {fileID: 4562794936907666101}
    m_Modifications:
    - target: {fileID: -4216859302048453862, guid: c15ed9886cf2a0c408df92508a743cab,
        type: 3}
      propertyPath: m_LocalPosition.x
      value: -3.068
      objectReference: {fileID: 0}
    - target: {fileID: -4216859302048453862, guid: c15ed9886cf2a0c408df92508a743cab,
        type: 3}
      propertyPath: m_LocalPosition.y
      value: 0.973946
      objectReference: {fileID: 0}
    - target: {fileID: -4216859302048453862, guid: c15ed9886cf2a0c408df92508a743cab,
        type: 3}
      propertyPath: m_LocalPosition.z
      value: 1.21
      objectReference: {fileID: 0}
    - target: {fileID: -4216859302048453862, guid: c15ed9886cf2a0c408df92508a743cab,
        type: 3}
      propertyPath: m_LocalRotation.x
      value: -0.68039334
      objectReference: {fileID: 0}
    - target: {fileID: -4216859302048453862, guid: c15ed9886cf2a0c408df92508a743cab,
        type: 3}
      propertyPath: m_LocalRotation.y
      value: -0.19252264
      objectReference: {fileID: 0}
    - target: {fileID: -4216859302048453862, guid: c15ed9886cf2a0c408df92508a743cab,
        type: 3}
      propertyPath: m_LocalRotation.z
      value: -0.19252264
      objectReference: {fileID: 0}
    - target: {fileID: -4216859302048453862, guid: c15ed9886cf2a0c408df92508a743cab,
        type: 3}
      propertyPath: m_LocalRotation.w
      value: 0.68039334
      objectReference: {fileID: 0}
    - target: {fileID: -4216859302048453862, guid: c15ed9886cf2a0c408df92508a743cab,
        type: 3}
      propertyPath: m_RootOrder
      value: 17
      objectReference: {fileID: 0}
    - target: {fileID: -4216859302048453862, guid: c15ed9886cf2a0c408df92508a743cab,
        type: 3}
      propertyPath: m_LocalEulerAnglesHint.x
      value: -90.00001
      objectReference: {fileID: 0}
    - target: {fileID: -4216859302048453862, guid: c15ed9886cf2a0c408df92508a743cab,
        type: 3}
      propertyPath: m_LocalEulerAnglesHint.y
      value: 0
      objectReference: {fileID: 0}
    - target: {fileID: -4216859302048453862, guid: c15ed9886cf2a0c408df92508a743cab,
        type: 3}
      propertyPath: m_LocalEulerAnglesHint.z
      value: -31.599
      objectReference: {fileID: 0}
    - target: {fileID: -1504981713932161579, guid: c15ed9886cf2a0c408df92508a743cab,
        type: 3}
      propertyPath: m_Materials.Array.data[0]
      value: 
      objectReference: {fileID: 2100000, guid: cf19227a08b4b5342b702fbdb34a67a9, type: 2}
    - target: {fileID: -927199367670048503, guid: c15ed9886cf2a0c408df92508a743cab,
        type: 3}
      propertyPath: m_Name
      value: zwischenteil_wall (6)
      objectReference: {fileID: 0}
    - target: {fileID: -927199367670048503, guid: c15ed9886cf2a0c408df92508a743cab,
        type: 3}
      propertyPath: m_StaticEditorFlags
      value: 4294967295
      objectReference: {fileID: 0}
    m_RemovedComponents: []
  m_SourcePrefab: {fileID: 100100000, guid: c15ed9886cf2a0c408df92508a743cab, type: 3}
--- !u!4 &2464424296553349870 stripped
Transform:
  m_CorrespondingSourceObject: {fileID: -4216859302048453862, guid: c15ed9886cf2a0c408df92508a743cab,
    type: 3}
  m_PrefabInstance: {fileID: 7442708667993827828}
  m_PrefabAsset: {fileID: 0}
--- !u!1001 &7610157996746565761
PrefabInstance:
  m_ObjectHideFlags: 0
  serializedVersion: 2
  m_Modification:
    m_TransformParent: {fileID: 4562794936907666101}
    m_Modifications:
    - target: {fileID: -4216859302048453862, guid: c15ed9886cf2a0c408df92508a743cab,
        type: 3}
      propertyPath: m_LocalPosition.x
      value: -3.1
      objectReference: {fileID: 0}
    - target: {fileID: -4216859302048453862, guid: c15ed9886cf2a0c408df92508a743cab,
        type: 3}
      propertyPath: m_LocalPosition.y
      value: 0.973946
      objectReference: {fileID: 0}
    - target: {fileID: -4216859302048453862, guid: c15ed9886cf2a0c408df92508a743cab,
        type: 3}
      propertyPath: m_LocalPosition.z
      value: -1.17
      objectReference: {fileID: 0}
    - target: {fileID: -4216859302048453862, guid: c15ed9886cf2a0c408df92508a743cab,
        type: 3}
      propertyPath: m_LocalRotation.x
      value: 0.22853716
      objectReference: {fileID: 0}
    - target: {fileID: -4216859302048453862, guid: c15ed9886cf2a0c408df92508a743cab,
        type: 3}
      propertyPath: m_LocalRotation.y
      value: 0.6691568
      objectReference: {fileID: 0}
    - target: {fileID: -4216859302048453862, guid: c15ed9886cf2a0c408df92508a743cab,
        type: 3}
      propertyPath: m_LocalRotation.z
      value: 0.6691568
      objectReference: {fileID: 0}
    - target: {fileID: -4216859302048453862, guid: c15ed9886cf2a0c408df92508a743cab,
        type: 3}
      propertyPath: m_LocalRotation.w
      value: -0.22853716
      objectReference: {fileID: 0}
    - target: {fileID: -4216859302048453862, guid: c15ed9886cf2a0c408df92508a743cab,
        type: 3}
      propertyPath: m_RootOrder
      value: 15
      objectReference: {fileID: 0}
    - target: {fileID: -4216859302048453862, guid: c15ed9886cf2a0c408df92508a743cab,
        type: 3}
      propertyPath: m_LocalEulerAnglesHint.x
      value: -90.00001
      objectReference: {fileID: 0}
    - target: {fileID: -4216859302048453862, guid: c15ed9886cf2a0c408df92508a743cab,
        type: 3}
      propertyPath: m_LocalEulerAnglesHint.y
      value: 0
      objectReference: {fileID: 0}
    - target: {fileID: -4216859302048453862, guid: c15ed9886cf2a0c408df92508a743cab,
        type: 3}
      propertyPath: m_LocalEulerAnglesHint.z
      value: 217.713
      objectReference: {fileID: 0}
    - target: {fileID: -1504981713932161579, guid: c15ed9886cf2a0c408df92508a743cab,
        type: 3}
      propertyPath: m_Materials.Array.data[0]
      value: 
      objectReference: {fileID: 2100000, guid: cf19227a08b4b5342b702fbdb34a67a9, type: 2}
    - target: {fileID: -927199367670048503, guid: c15ed9886cf2a0c408df92508a743cab,
        type: 3}
      propertyPath: m_Name
      value: zwischenteil_wall (5)
      objectReference: {fileID: 0}
    - target: {fileID: -927199367670048503, guid: c15ed9886cf2a0c408df92508a743cab,
        type: 3}
      propertyPath: m_StaticEditorFlags
      value: 4294967295
      objectReference: {fileID: 0}
    m_RemovedComponents: []
  m_SourcePrefab: {fileID: 100100000, guid: c15ed9886cf2a0c408df92508a743cab, type: 3}
--- !u!4 &3235276329485386651 stripped
Transform:
  m_CorrespondingSourceObject: {fileID: -4216859302048453862, guid: c15ed9886cf2a0c408df92508a743cab,
    type: 3}
  m_PrefabInstance: {fileID: 7610157996746565761}
  m_PrefabAsset: {fileID: 0}
--- !u!1001 &7802566992733374154
PrefabInstance:
  m_ObjectHideFlags: 0
  serializedVersion: 2
  m_Modification:
    m_TransformParent: {fileID: 4562794936907666101}
    m_Modifications:
    - target: {fileID: -4216859302048453862, guid: 99651689bd2c68f4eb631da25213da8c,
        type: 3}
      propertyPath: m_LocalPosition.x
      value: -3.712
      objectReference: {fileID: 0}
    - target: {fileID: -4216859302048453862, guid: 99651689bd2c68f4eb631da25213da8c,
        type: 3}
      propertyPath: m_LocalPosition.y
      value: 0
      objectReference: {fileID: 0}
    - target: {fileID: -4216859302048453862, guid: 99651689bd2c68f4eb631da25213da8c,
        type: 3}
      propertyPath: m_LocalPosition.z
      value: -0.963
      objectReference: {fileID: 0}
    - target: {fileID: -4216859302048453862, guid: 99651689bd2c68f4eb631da25213da8c,
        type: 3}
      propertyPath: m_LocalRotation.x
      value: 0
      objectReference: {fileID: 0}
    - target: {fileID: -4216859302048453862, guid: 99651689bd2c68f4eb631da25213da8c,
        type: 3}
      propertyPath: m_LocalRotation.y
      value: 0.7071068
      objectReference: {fileID: 0}
    - target: {fileID: -4216859302048453862, guid: 99651689bd2c68f4eb631da25213da8c,
        type: 3}
      propertyPath: m_LocalRotation.z
      value: 0.7071068
      objectReference: {fileID: 0}
    - target: {fileID: -4216859302048453862, guid: 99651689bd2c68f4eb631da25213da8c,
        type: 3}
      propertyPath: m_LocalRotation.w
      value: 0
      objectReference: {fileID: 0}
    - target: {fileID: -4216859302048453862, guid: 99651689bd2c68f4eb631da25213da8c,
        type: 3}
      propertyPath: m_RootOrder
      value: 22
      objectReference: {fileID: 0}
    - target: {fileID: -4216859302048453862, guid: 99651689bd2c68f4eb631da25213da8c,
        type: 3}
      propertyPath: m_LocalEulerAnglesHint.x
      value: -90.00001
      objectReference: {fileID: 0}
    - target: {fileID: -4216859302048453862, guid: 99651689bd2c68f4eb631da25213da8c,
        type: 3}
      propertyPath: m_LocalEulerAnglesHint.y
      value: 0
      objectReference: {fileID: 0}
    - target: {fileID: -4216859302048453862, guid: 99651689bd2c68f4eb631da25213da8c,
        type: 3}
      propertyPath: m_LocalEulerAnglesHint.z
      value: 180
      objectReference: {fileID: 0}
    - target: {fileID: -927199367670048503, guid: 99651689bd2c68f4eb631da25213da8c,
        type: 3}
      propertyPath: m_Name
      value: wall3_end_zschnittL (3)
      objectReference: {fileID: 0}
    - target: {fileID: -927199367670048503, guid: 99651689bd2c68f4eb631da25213da8c,
        type: 3}
      propertyPath: m_StaticEditorFlags
      value: 4294967295
      objectReference: {fileID: 0}
    m_RemovedComponents: []
  m_SourcePrefab: {fileID: 100100000, guid: 99651689bd2c68f4eb631da25213da8c, type: 3}
--- !u!4 &2968713940438494672 stripped
Transform:
  m_CorrespondingSourceObject: {fileID: -4216859302048453862, guid: 99651689bd2c68f4eb631da25213da8c,
    type: 3}
  m_PrefabInstance: {fileID: 7802566992733374154}
  m_PrefabAsset: {fileID: 0}
--- !u!1001 &7921012955107041586
PrefabInstance:
  m_ObjectHideFlags: 0
  serializedVersion: 2
  m_Modification:
    m_TransformParent: {fileID: 4562794936907666101}
    m_Modifications:
    - target: {fileID: -4216859302048453862, guid: ccd9c6f38f24d644f9bbdfa51785ce53,
        type: 3}
      propertyPath: m_LocalPosition.x
      value: 1.006
      objectReference: {fileID: 0}
    - target: {fileID: -4216859302048453862, guid: ccd9c6f38f24d644f9bbdfa51785ce53,
        type: 3}
      propertyPath: m_LocalPosition.y
      value: 0
      objectReference: {fileID: 0}
    - target: {fileID: -4216859302048453862, guid: ccd9c6f38f24d644f9bbdfa51785ce53,
        type: 3}
      propertyPath: m_LocalPosition.z
      value: 3.692
      objectReference: {fileID: 0}
    - target: {fileID: -4216859302048453862, guid: ccd9c6f38f24d644f9bbdfa51785ce53,
        type: 3}
      propertyPath: m_LocalRotation.x
      value: -0.49991274
      objectReference: {fileID: 0}
    - target: {fileID: -4216859302048453862, guid: ccd9c6f38f24d644f9bbdfa51785ce53,
        type: 3}
      propertyPath: m_LocalRotation.y
      value: 0.50008726
      objectReference: {fileID: 0}
    - target: {fileID: -4216859302048453862, guid: ccd9c6f38f24d644f9bbdfa51785ce53,
        type: 3}
      propertyPath: m_LocalRotation.z
      value: 0.49991274
      objectReference: {fileID: 0}
    - target: {fileID: -4216859302048453862, guid: ccd9c6f38f24d644f9bbdfa51785ce53,
        type: 3}
      propertyPath: m_LocalRotation.w
      value: 0.50008726
      objectReference: {fileID: 0}
    - target: {fileID: -4216859302048453862, guid: ccd9c6f38f24d644f9bbdfa51785ce53,
        type: 3}
      propertyPath: m_RootOrder
      value: 4
      objectReference: {fileID: 0}
    - target: {fileID: -4216859302048453862, guid: ccd9c6f38f24d644f9bbdfa51785ce53,
        type: 3}
      propertyPath: m_LocalEulerAnglesHint.x
      value: -89.98
      objectReference: {fileID: 0}
    - target: {fileID: -4216859302048453862, guid: ccd9c6f38f24d644f9bbdfa51785ce53,
        type: 3}
      propertyPath: m_LocalEulerAnglesHint.y
      value: 90
      objectReference: {fileID: 0}
    - target: {fileID: -4216859302048453862, guid: ccd9c6f38f24d644f9bbdfa51785ce53,
        type: 3}
      propertyPath: m_LocalEulerAnglesHint.z
      value: 0
      objectReference: {fileID: 0}
    - target: {fileID: -927199367670048503, guid: ccd9c6f38f24d644f9bbdfa51785ce53,
        type: 3}
      propertyPath: m_Name
      value: wall3_end_zschnitt2
      objectReference: {fileID: 0}
    - target: {fileID: -927199367670048503, guid: ccd9c6f38f24d644f9bbdfa51785ce53,
        type: 3}
      propertyPath: m_StaticEditorFlags
      value: 4294967295
      objectReference: {fileID: 0}
    m_RemovedComponents: []
  m_SourcePrefab: {fileID: 100100000, guid: ccd9c6f38f24d644f9bbdfa51785ce53, type: 3}
--- !u!4 &2924986383006534184 stripped
Transform:
  m_CorrespondingSourceObject: {fileID: -4216859302048453862, guid: ccd9c6f38f24d644f9bbdfa51785ce53,
    type: 3}
  m_PrefabInstance: {fileID: 7921012955107041586}
  m_PrefabAsset: {fileID: 0}
--- !u!1001 &7924977057499620066
PrefabInstance:
  m_ObjectHideFlags: 0
  serializedVersion: 2
  m_Modification:
    m_TransformParent: {fileID: 4562794936907666101}
    m_Modifications:
    - target: {fileID: -4216859302048453862, guid: c15ed9886cf2a0c408df92508a743cab,
        type: 3}
      propertyPath: m_LocalPosition.x
      value: 3.047
      objectReference: {fileID: 0}
    - target: {fileID: -4216859302048453862, guid: c15ed9886cf2a0c408df92508a743cab,
        type: 3}
      propertyPath: m_LocalPosition.y
      value: 0.973946
      objectReference: {fileID: 0}
    - target: {fileID: -4216859302048453862, guid: c15ed9886cf2a0c408df92508a743cab,
        type: 3}
      propertyPath: m_LocalPosition.z
      value: 1.231
      objectReference: {fileID: 0}
    - target: {fileID: -4216859302048453862, guid: c15ed9886cf2a0c408df92508a743cab,
        type: 3}
      propertyPath: m_LocalRotation.x
      value: -0.68391544
      objectReference: {fileID: 0}
    - target: {fileID: -4216859302048453862, guid: c15ed9886cf2a0c408df92508a743cab,
        type: 3}
      propertyPath: m_LocalRotation.y
      value: 0.17961004
      objectReference: {fileID: 0}
    - target: {fileID: -4216859302048453862, guid: c15ed9886cf2a0c408df92508a743cab,
        type: 3}
      propertyPath: m_LocalRotation.z
      value: 0.17961004
      objectReference: {fileID: 0}
    - target: {fileID: -4216859302048453862, guid: c15ed9886cf2a0c408df92508a743cab,
        type: 3}
      propertyPath: m_LocalRotation.w
      value: 0.68391544
      objectReference: {fileID: 0}
    - target: {fileID: -4216859302048453862, guid: c15ed9886cf2a0c408df92508a743cab,
        type: 3}
      propertyPath: m_RootOrder
      value: 6
      objectReference: {fileID: 0}
    - target: {fileID: -4216859302048453862, guid: c15ed9886cf2a0c408df92508a743cab,
        type: 3}
      propertyPath: m_LocalEulerAnglesHint.x
      value: -90.00001
      objectReference: {fileID: 0}
    - target: {fileID: -4216859302048453862, guid: c15ed9886cf2a0c408df92508a743cab,
        type: 3}
      propertyPath: m_LocalEulerAnglesHint.y
      value: 0
      objectReference: {fileID: 0}
    - target: {fileID: -4216859302048453862, guid: c15ed9886cf2a0c408df92508a743cab,
        type: 3}
      propertyPath: m_LocalEulerAnglesHint.z
      value: 29.430002
      objectReference: {fileID: 0}
    - target: {fileID: -1504981713932161579, guid: c15ed9886cf2a0c408df92508a743cab,
        type: 3}
      propertyPath: m_Materials.Array.data[0]
      value: 
      objectReference: {fileID: 2100000, guid: cf19227a08b4b5342b702fbdb34a67a9, type: 2}
    - target: {fileID: -927199367670048503, guid: c15ed9886cf2a0c408df92508a743cab,
        type: 3}
      propertyPath: m_Name
      value: zwischenteil_wall (1)
      objectReference: {fileID: 0}
    - target: {fileID: -927199367670048503, guid: c15ed9886cf2a0c408df92508a743cab,
        type: 3}
      propertyPath: m_StaticEditorFlags
      value: 4294967295
      objectReference: {fileID: 0}
    m_RemovedComponents: []
  m_SourcePrefab: {fileID: 100100000, guid: c15ed9886cf2a0c408df92508a743cab, type: 3}
--- !u!4 &2918781622012283384 stripped
Transform:
  m_CorrespondingSourceObject: {fileID: -4216859302048453862, guid: c15ed9886cf2a0c408df92508a743cab,
    type: 3}
  m_PrefabInstance: {fileID: 7924977057499620066}
  m_PrefabAsset: {fileID: 0}
--- !u!1001 &7999620799359196100
PrefabInstance:
  m_ObjectHideFlags: 0
  serializedVersion: 2
  m_Modification:
    m_TransformParent: {fileID: 4562794936907666101}
    m_Modifications:
    - target: {fileID: -4216859302048453862, guid: 5e7378dec8a1c304aa604adacbd14c06,
        type: 3}
      propertyPath: m_LocalPosition.x
      value: 2.16
      objectReference: {fileID: 0}
    - target: {fileID: -4216859302048453862, guid: 5e7378dec8a1c304aa604adacbd14c06,
        type: 3}
      propertyPath: m_LocalPosition.y
      value: 0.973946
      objectReference: {fileID: 0}
    - target: {fileID: -4216859302048453862, guid: 5e7378dec8a1c304aa604adacbd14c06,
        type: 3}
      propertyPath: m_LocalPosition.z
      value: 2.077
      objectReference: {fileID: 0}
    - target: {fileID: -4216859302048453862, guid: 5e7378dec8a1c304aa604adacbd14c06,
        type: 3}
      propertyPath: m_LocalRotation.x
      value: -0.6531675
      objectReference: {fileID: 0}
    - target: {fileID: -4216859302048453862, guid: 5e7378dec8a1c304aa604adacbd14c06,
        type: 3}
      propertyPath: m_LocalRotation.y
      value: 0.2706453
      objectReference: {fileID: 0}
    - target: {fileID: -4216859302048453862, guid: 5e7378dec8a1c304aa604adacbd14c06,
        type: 3}
      propertyPath: m_LocalRotation.z
      value: 0.27055082
      objectReference: {fileID: 0}
    - target: {fileID: -4216859302048453862, guid: 5e7378dec8a1c304aa604adacbd14c06,
        type: 3}
      propertyPath: m_LocalRotation.w
      value: 0.65339553
      objectReference: {fileID: 0}
    - target: {fileID: -4216859302048453862, guid: 5e7378dec8a1c304aa604adacbd14c06,
        type: 3}
      propertyPath: m_RootOrder
      value: 3
      objectReference: {fileID: 0}
    - target: {fileID: -4216859302048453862, guid: 5e7378dec8a1c304aa604adacbd14c06,
        type: 3}
      propertyPath: m_LocalEulerAnglesHint.x
      value: -89.98
      objectReference: {fileID: 0}
    - target: {fileID: -4216859302048453862, guid: 5e7378dec8a1c304aa604adacbd14c06,
        type: 3}
      propertyPath: m_LocalEulerAnglesHint.y
      value: 45
      objectReference: {fileID: 0}
    - target: {fileID: -4216859302048453862, guid: 5e7378dec8a1c304aa604adacbd14c06,
        type: 3}
      propertyPath: m_LocalEulerAnglesHint.z
      value: 0
      objectReference: {fileID: 0}
    - target: {fileID: -1504981713932161579, guid: 5e7378dec8a1c304aa604adacbd14c06,
        type: 3}
      propertyPath: m_Materials.Array.data[0]
      value: 
      objectReference: {fileID: 2100000, guid: 8d764434295edc145807c731f57355d4, type: 2}
    - target: {fileID: -927199367670048503, guid: 5e7378dec8a1c304aa604adacbd14c06,
        type: 3}
      propertyPath: m_Name
      value: wall3_2
      objectReference: {fileID: 0}
    - target: {fileID: -927199367670048503, guid: 5e7378dec8a1c304aa604adacbd14c06,
        type: 3}
      propertyPath: m_StaticEditorFlags
      value: 4294967295
      objectReference: {fileID: 0}
    m_RemovedComponents: []
  m_SourcePrefab: {fileID: 100100000, guid: 5e7378dec8a1c304aa604adacbd14c06, type: 3}
--- !u!4 &3062140386709876958 stripped
Transform:
  m_CorrespondingSourceObject: {fileID: -4216859302048453862, guid: 5e7378dec8a1c304aa604adacbd14c06,
    type: 3}
  m_PrefabInstance: {fileID: 7999620799359196100}
  m_PrefabAsset: {fileID: 0}
--- !u!1001 &8146160790668631774
PrefabInstance:
  m_ObjectHideFlags: 0
  serializedVersion: 2
  m_Modification:
    m_TransformParent: {fileID: 4562794936907666101}
    m_Modifications:
    - target: {fileID: -4216859302048453862, guid: 99651689bd2c68f4eb631da25213da8c,
        type: 3}
      propertyPath: m_LocalPosition.x
      value: -0.957
      objectReference: {fileID: 0}
    - target: {fileID: -4216859302048453862, guid: 99651689bd2c68f4eb631da25213da8c,
        type: 3}
      propertyPath: m_LocalPosition.y
      value: 0
      objectReference: {fileID: 0}
    - target: {fileID: -4216859302048453862, guid: 99651689bd2c68f4eb631da25213da8c,
        type: 3}
      propertyPath: m_LocalPosition.z
      value: 3.73
      objectReference: {fileID: 0}
    - target: {fileID: -4216859302048453862, guid: 99651689bd2c68f4eb631da25213da8c,
        type: 3}
      propertyPath: m_LocalRotation.x
      value: -0.5
      objectReference: {fileID: 0}
    - target: {fileID: -4216859302048453862, guid: 99651689bd2c68f4eb631da25213da8c,
        type: 3}
      propertyPath: m_LocalRotation.y
      value: -0.5
      objectReference: {fileID: 0}
    - target: {fileID: -4216859302048453862, guid: 99651689bd2c68f4eb631da25213da8c,
        type: 3}
      propertyPath: m_LocalRotation.z
      value: -0.5
      objectReference: {fileID: 0}
    - target: {fileID: -4216859302048453862, guid: 99651689bd2c68f4eb631da25213da8c,
        type: 3}
      propertyPath: m_LocalRotation.w
      value: 0.5
      objectReference: {fileID: 0}
    - target: {fileID: -4216859302048453862, guid: 99651689bd2c68f4eb631da25213da8c,
        type: 3}
      propertyPath: m_RootOrder
      value: 21
      objectReference: {fileID: 0}
    - target: {fileID: -4216859302048453862, guid: 99651689bd2c68f4eb631da25213da8c,
        type: 3}
      propertyPath: m_LocalEulerAnglesHint.x
      value: -90.00001
      objectReference: {fileID: 0}
    - target: {fileID: -4216859302048453862, guid: 99651689bd2c68f4eb631da25213da8c,
        type: 3}
      propertyPath: m_LocalEulerAnglesHint.y
      value: 0
      objectReference: {fileID: 0}
    - target: {fileID: -4216859302048453862, guid: 99651689bd2c68f4eb631da25213da8c,
        type: 3}
      propertyPath: m_LocalEulerAnglesHint.z
      value: -90
      objectReference: {fileID: 0}
    - target: {fileID: -927199367670048503, guid: 99651689bd2c68f4eb631da25213da8c,
        type: 3}
      propertyPath: m_Name
      value: wall3_end_zschnittL (2)
      objectReference: {fileID: 0}
    - target: {fileID: -927199367670048503, guid: 99651689bd2c68f4eb631da25213da8c,
        type: 3}
      propertyPath: m_StaticEditorFlags
      value: 4294967295
      objectReference: {fileID: 0}
    m_RemovedComponents: []
  m_SourcePrefab: {fileID: 100100000, guid: 99651689bd2c68f4eb631da25213da8c, type: 3}
--- !u!4 &3780295638430610884 stripped
Transform:
  m_CorrespondingSourceObject: {fileID: -4216859302048453862, guid: 99651689bd2c68f4eb631da25213da8c,
    type: 3}
  m_PrefabInstance: {fileID: 8146160790668631774}
  m_PrefabAsset: {fileID: 0}
--- !u!1001 &8624651098255572381
PrefabInstance:
  m_ObjectHideFlags: 0
  serializedVersion: 2
  m_Modification:
    m_TransformParent: {fileID: 4562794936907666101}
    m_Modifications:
    - target: {fileID: -4216859302048453862, guid: c15ed9886cf2a0c408df92508a743cab,
        type: 3}
      propertyPath: m_LocalPosition.x
      value: 1.17
      objectReference: {fileID: 0}
    - target: {fileID: -4216859302048453862, guid: c15ed9886cf2a0c408df92508a743cab,
        type: 3}
      propertyPath: m_LocalPosition.y
      value: 0.973946
      objectReference: {fileID: 0}
    - target: {fileID: -4216859302048453862, guid: c15ed9886cf2a0c408df92508a743cab,
        type: 3}
      propertyPath: m_LocalPosition.z
      value: -3.079
      objectReference: {fileID: 0}
    - target: {fileID: -4216859302048453862, guid: c15ed9886cf2a0c408df92508a743cab,
        type: 3}
      propertyPath: m_LocalRotation.x
      value: -0.37427077
      objectReference: {fileID: 0}
    - target: {fileID: -4216859302048453862, guid: c15ed9886cf2a0c408df92508a743cab,
        type: 3}
      propertyPath: m_LocalRotation.y
      value: 0.5999345
      objectReference: {fileID: 0}
    - target: {fileID: -4216859302048453862, guid: c15ed9886cf2a0c408df92508a743cab,
        type: 3}
      propertyPath: m_LocalRotation.z
      value: 0.5999345
      objectReference: {fileID: 0}
    - target: {fileID: -4216859302048453862, guid: c15ed9886cf2a0c408df92508a743cab,
        type: 3}
      propertyPath: m_LocalRotation.w
      value: 0.37427077
      objectReference: {fileID: 0}
    - target: {fileID: -4216859302048453862, guid: c15ed9886cf2a0c408df92508a743cab,
        type: 3}
      propertyPath: m_RootOrder
      value: 12
      objectReference: {fileID: 0}
    - target: {fileID: -4216859302048453862, guid: c15ed9886cf2a0c408df92508a743cab,
        type: 3}
      propertyPath: m_LocalEulerAnglesHint.x
      value: -90.00001
      objectReference: {fileID: 0}
    - target: {fileID: -4216859302048453862, guid: c15ed9886cf2a0c408df92508a743cab,
        type: 3}
      propertyPath: m_LocalEulerAnglesHint.y
      value: 0
      objectReference: {fileID: 0}
    - target: {fileID: -4216859302048453862, guid: c15ed9886cf2a0c408df92508a743cab,
        type: 3}
      propertyPath: m_LocalEulerAnglesHint.z
      value: 116.08401
      objectReference: {fileID: 0}
    - target: {fileID: -1504981713932161579, guid: c15ed9886cf2a0c408df92508a743cab,
        type: 3}
      propertyPath: m_Materials.Array.data[0]
      value: 
      objectReference: {fileID: 2100000, guid: cf19227a08b4b5342b702fbdb34a67a9, type: 2}
    - target: {fileID: -927199367670048503, guid: c15ed9886cf2a0c408df92508a743cab,
        type: 3}
      propertyPath: m_Name
      value: zwischenteil_wall (3)
      objectReference: {fileID: 0}
    - target: {fileID: -927199367670048503, guid: c15ed9886cf2a0c408df92508a743cab,
        type: 3}
      propertyPath: m_StaticEditorFlags
      value: 4294967295
      objectReference: {fileID: 0}
    m_RemovedComponents: []
  m_SourcePrefab: {fileID: 100100000, guid: c15ed9886cf2a0c408df92508a743cab, type: 3}
--- !u!4 &3659841778651829895 stripped
Transform:
  m_CorrespondingSourceObject: {fileID: -4216859302048453862, guid: c15ed9886cf2a0c408df92508a743cab,
    type: 3}
  m_PrefabInstance: {fileID: 8624651098255572381}
  m_PrefabAsset: {fileID: 0}
