%YAML 1.1
%TAG !u! tag:unity3d.com,2011:
--- !u!1 &87055323748049034
GameObject:
  m_ObjectHideFlags: 0
  m_CorrespondingSourceObject: {fileID: 0}
  m_PrefabInstance: {fileID: 0}
  m_PrefabAsset: {fileID: 0}
  serializedVersion: 6
  m_Component:
  - component: {fileID: 3994149177626579609}
  - component: {fileID: 5347205683174893743}
  - component: {fileID: 1804147225364599894}
  m_Layer: 0
  m_Name: wall_corner
  m_TagString: Untagged
  m_Icon: {fileID: 0}
  m_NavMeshLayer: 0
  m_StaticEditorFlags: 4294967295
  m_IsActive: 1
--- !u!4 &3994149177626579609
Transform:
  m_ObjectHideFlags: 0
  m_CorrespondingSourceObject: {fileID: 0}
  m_PrefabInstance: {fileID: 0}
  m_PrefabAsset: {fileID: 0}
  m_GameObject: {fileID: 87055323748049034}
  m_LocalRotation: {x: -0.5, y: -0.5, z: -0.5, w: 0.5}
  m_LocalPosition: {x: -1.208, y: 0.005000055, z: 15}
  m_LocalScale: {x: 100, y: 100, z: 100}
  m_Children:
  - {fileID: 2843767701090317754}
  - {fileID: 7012744703277098542}
  - {fileID: 1639220757189043193}
  - {fileID: 1008228894929678012}
  - {fileID: 4032310530363931563}
  - {fileID: 6497155814983543320}
  m_Father: {fileID: 0}
  m_RootOrder: 0
  m_LocalEulerAnglesHint: {x: -90, y: -90, z: 0}
--- !u!33 &5347205683174893743
MeshFilter:
  m_ObjectHideFlags: 0
  m_CorrespondingSourceObject: {fileID: 0}
  m_PrefabInstance: {fileID: 0}
  m_PrefabAsset: {fileID: 0}
  m_GameObject: {fileID: 87055323748049034}
  m_Mesh: {fileID: 4877366222351349938, guid: c6a3531a098162d41a68347d71220d6e, type: 3}
--- !u!23 &1804147225364599894
MeshRenderer:
  m_ObjectHideFlags: 0
  m_CorrespondingSourceObject: {fileID: 0}
  m_PrefabInstance: {fileID: 0}
  m_PrefabAsset: {fileID: 0}
  m_GameObject: {fileID: 87055323748049034}
  m_Enabled: 1
  m_CastShadows: 1
  m_ReceiveShadows: 1
  m_DynamicOccludee: 1
  m_MotionVectors: 1
  m_LightProbeUsage: 1
  m_ReflectionProbeUsage: 1
  m_RayTracingMode: 2
  m_RenderingLayerMask: 1
  m_RendererPriority: 0
  m_Materials:
  - {fileID: -2813467912831258332, guid: c6a3531a098162d41a68347d71220d6e, type: 3}
  - {fileID: 9185737683893222716, guid: c6a3531a098162d41a68347d71220d6e, type: 3}
  - {fileID: 6133712870518801159, guid: c6a3531a098162d41a68347d71220d6e, type: 3}
  m_StaticBatchInfo:
    firstSubMesh: 0
    subMeshCount: 0
  m_StaticBatchRoot: {fileID: 0}
  m_ProbeAnchor: {fileID: 0}
  m_LightProbeVolumeOverride: {fileID: 0}
  m_ScaleInLightmap: 1
  m_ReceiveGI: 1
  m_PreserveUVs: 0
  m_IgnoreNormalsForChartDetection: 0
  m_ImportantGI: 0
  m_StitchLightmapSeams: 1
  m_SelectedEditorRenderState: 3
  m_MinimumChartSize: 4
  m_AutoUVMaxDistance: 0.5
  m_AutoUVMaxAngle: 89
  m_LightmapParameters: {fileID: 0}
  m_SortingLayerID: 0
  m_SortingLayer: 0
  m_SortingOrder: 0
--- !u!1001 &2256369404745646338
PrefabInstance:
  m_ObjectHideFlags: 0
  serializedVersion: 2
  m_Modification:
    m_TransformParent: {fileID: 3994149177626579609}
    m_Modifications:
    - target: {fileID: -4216859302048453862, guid: 9d5ebf5fa4b3aa24cbf6ad0cf7bc333c,
        type: 3}
      propertyPath: m_LocalPosition.x
      value: 0.019128
      objectReference: {fileID: 0}
    - target: {fileID: -4216859302048453862, guid: 9d5ebf5fa4b3aa24cbf6ad0cf7bc333c,
        type: 3}
      propertyPath: m_LocalPosition.y
      value: 0.00088
      objectReference: {fileID: 0}
    - target: {fileID: -4216859302048453862, guid: 9d5ebf5fa4b3aa24cbf6ad0cf7bc333c,
        type: 3}
      propertyPath: m_LocalPosition.z
      value: 0.00564
      objectReference: {fileID: 0}
    - target: {fileID: -4216859302048453862, guid: 9d5ebf5fa4b3aa24cbf6ad0cf7bc333c,
        type: 3}
      propertyPath: m_LocalRotation.x
      value: -0.000022560356
      objectReference: {fileID: 0}
    - target: {fileID: -4216859302048453862, guid: 9d5ebf5fa4b3aa24cbf6ad0cf7bc333c,
        type: 3}
      propertyPath: m_LocalRotation.y
      value: -0.9490764
      objectReference: {fileID: 0}
    - target: {fileID: -4216859302048453862, guid: 9d5ebf5fa4b3aa24cbf6ad0cf7bc333c,
        type: 3}
      propertyPath: m_LocalRotation.z
      value: -0.31504613
      objectReference: {fileID: 0}
    - target: {fileID: -4216859302048453862, guid: 9d5ebf5fa4b3aa24cbf6ad0cf7bc333c,
        type: 3}
      propertyPath: m_LocalRotation.w
      value: -0.00006929039
      objectReference: {fileID: 0}
    - target: {fileID: -4216859302048453862, guid: 9d5ebf5fa4b3aa24cbf6ad0cf7bc333c,
        type: 3}
      propertyPath: m_RootOrder
      value: 5
      objectReference: {fileID: 0}
    - target: {fileID: -4216859302048453862, guid: 9d5ebf5fa4b3aa24cbf6ad0cf7bc333c,
        type: 3}
      propertyPath: m_LocalEulerAnglesHint.x
      value: 216.727
      objectReference: {fileID: 0}
    - target: {fileID: -4216859302048453862, guid: 9d5ebf5fa4b3aa24cbf6ad0cf7bc333c,
        type: 3}
      propertyPath: m_LocalEulerAnglesHint.y
      value: -0.010009766
      objectReference: {fileID: 0}
    - target: {fileID: -4216859302048453862, guid: 9d5ebf5fa4b3aa24cbf6ad0cf7bc333c,
        type: 3}
      propertyPath: m_LocalEulerAnglesHint.z
      value: 180.006
      objectReference: {fileID: 0}
    - target: {fileID: -4216859302048453862, guid: 9d5ebf5fa4b3aa24cbf6ad0cf7bc333c,
        type: 3}
      propertyPath: m_LocalScale.x
      value: 0.96
      objectReference: {fileID: 0}
    - target: {fileID: -4216859302048453862, guid: 9d5ebf5fa4b3aa24cbf6ad0cf7bc333c,
        type: 3}
      propertyPath: m_LocalScale.y
      value: 0.96
      objectReference: {fileID: 0}
    - target: {fileID: -4216859302048453862, guid: 9d5ebf5fa4b3aa24cbf6ad0cf7bc333c,
        type: 3}
      propertyPath: m_LocalScale.z
      value: 0.96
      objectReference: {fileID: 0}
    - target: {fileID: -1504981713932161579, guid: 9d5ebf5fa4b3aa24cbf6ad0cf7bc333c,
        type: 3}
      propertyPath: m_Materials.Array.data[0]
      value: 
      objectReference: {fileID: 2100000, guid: 85d6eeac07d39bf4589bc7b4cfa4a161, type: 2}
    - target: {fileID: -927199367670048503, guid: 9d5ebf5fa4b3aa24cbf6ad0cf7bc333c,
        type: 3}
      propertyPath: m_Name
      value: pipe_binder_low (5)
      objectReference: {fileID: 0}
    - target: {fileID: -927199367670048503, guid: 9d5ebf5fa4b3aa24cbf6ad0cf7bc333c,
        type: 3}
      propertyPath: m_StaticEditorFlags
      value: 4294967295
      objectReference: {fileID: 0}
    m_RemovedComponents: []
  m_SourcePrefab: {fileID: 100100000, guid: 9d5ebf5fa4b3aa24cbf6ad0cf7bc333c, type: 3}
--- !u!4 &6497155814983543320 stripped
Transform:
  m_CorrespondingSourceObject: {fileID: -4216859302048453862, guid: 9d5ebf5fa4b3aa24cbf6ad0cf7bc333c,
    type: 3}
  m_PrefabInstance: {fileID: 2256369404745646338}
  m_PrefabAsset: {fileID: 0}
--- !u!1001 &2605599469303811380
PrefabInstance:
  m_ObjectHideFlags: 0
  serializedVersion: 2
  m_Modification:
    m_TransformParent: {fileID: 3994149177626579609}
    m_Modifications:
    - target: {fileID: -4216859302048453862, guid: 376b49872c5b53345a8278a7ea75770e,
        type: 3}
      propertyPath: m_LocalPosition.x
      value: 0.0167
      objectReference: {fileID: 0}
    - target: {fileID: -4216859302048453862, guid: 376b49872c5b53345a8278a7ea75770e,
        type: 3}
      propertyPath: m_LocalPosition.y
      value: 0.0007
      objectReference: {fileID: 0}
    - target: {fileID: -4216859302048453862, guid: 376b49872c5b53345a8278a7ea75770e,
        type: 3}
      propertyPath: m_LocalPosition.z
      value: 0.002643
      objectReference: {fileID: 0}
    - target: {fileID: -4216859302048453862, guid: 376b49872c5b53345a8278a7ea75770e,
        type: 3}
      propertyPath: m_LocalRotation.x
      value: -0.3906025
      objectReference: {fileID: 0}
    - target: {fileID: -4216859302048453862, guid: 376b49872c5b53345a8278a7ea75770e,
        type: 3}
      propertyPath: m_LocalRotation.y
      value: 0.5894317
      objectReference: {fileID: 0}
    - target: {fileID: -4216859302048453862, guid: 376b49872c5b53345a8278a7ea75770e,
        type: 3}
      propertyPath: m_LocalRotation.z
      value: 0.5894317
      objectReference: {fileID: 0}
    - target: {fileID: -4216859302048453862, guid: 376b49872c5b53345a8278a7ea75770e,
        type: 3}
      propertyPath: m_LocalRotation.w
      value: 0.3906025
      objectReference: {fileID: 0}
    - target: {fileID: -4216859302048453862, guid: 376b49872c5b53345a8278a7ea75770e,
        type: 3}
      propertyPath: m_RootOrder
      value: 1
      objectReference: {fileID: 0}
    - target: {fileID: -4216859302048453862, guid: 376b49872c5b53345a8278a7ea75770e,
        type: 3}
      propertyPath: m_LocalEulerAnglesHint.x
      value: -90
      objectReference: {fileID: 0}
    - target: {fileID: -4216859302048453862, guid: 376b49872c5b53345a8278a7ea75770e,
        type: 3}
      propertyPath: m_LocalEulerAnglesHint.y
      value: 89.999
      objectReference: {fileID: 0}
    - target: {fileID: -4216859302048453862, guid: 376b49872c5b53345a8278a7ea75770e,
        type: 3}
      propertyPath: m_LocalEulerAnglesHint.z
      value: 22.938002
      objectReference: {fileID: 0}
    - target: {fileID: -4216859302048453862, guid: 376b49872c5b53345a8278a7ea75770e,
        type: 3}
      propertyPath: m_LocalScale.x
      value: 1
      objectReference: {fileID: 0}
    - target: {fileID: -4216859302048453862, guid: 376b49872c5b53345a8278a7ea75770e,
        type: 3}
      propertyPath: m_LocalScale.y
      value: 1
      objectReference: {fileID: 0}
    - target: {fileID: -4216859302048453862, guid: 376b49872c5b53345a8278a7ea75770e,
        type: 3}
      propertyPath: m_LocalScale.z
      value: 1
      objectReference: {fileID: 0}
    - target: {fileID: -1504981713932161579, guid: 376b49872c5b53345a8278a7ea75770e,
        type: 3}
      propertyPath: m_Materials.Array.data[0]
      value: 
      objectReference: {fileID: 2100000, guid: 698152ed3a7134748ae7d38c02df3f27, type: 2}
    - target: {fileID: -927199367670048503, guid: 376b49872c5b53345a8278a7ea75770e,
        type: 3}
      propertyPath: m_Name
      value: pipe_90degree (2)
      objectReference: {fileID: 0}
    - target: {fileID: -927199367670048503, guid: 376b49872c5b53345a8278a7ea75770e,
        type: 3}
      propertyPath: m_StaticEditorFlags
      value: 4294967295
      objectReference: {fileID: 0}
    m_RemovedComponents: []
  m_SourcePrefab: {fileID: 100100000, guid: 376b49872c5b53345a8278a7ea75770e, type: 3}
--- !u!4 &7012744703277098542 stripped
Transform:
  m_CorrespondingSourceObject: {fileID: -4216859302048453862, guid: 376b49872c5b53345a8278a7ea75770e,
    type: 3}
  m_PrefabInstance: {fileID: 2605599469303811380}
  m_PrefabAsset: {fileID: 0}
--- !u!1001 &5226222961732142502
PrefabInstance:
  m_ObjectHideFlags: 0
  serializedVersion: 2
  m_Modification:
    m_TransformParent: {fileID: 3994149177626579609}
    m_Modifications:
    - target: {fileID: -4216859302048453862, guid: 9d5ebf5fa4b3aa24cbf6ad0cf7bc333c,
        type: 3}
      propertyPath: m_LocalPosition.x
      value: 0.011942
      objectReference: {fileID: 0}
    - target: {fileID: -4216859302048453862, guid: 9d5ebf5fa4b3aa24cbf6ad0cf7bc333c,
        type: 3}
      propertyPath: m_LocalPosition.y
      value: 0.00021
      objectReference: {fileID: 0}
    - target: {fileID: -4216859302048453862, guid: 9d5ebf5fa4b3aa24cbf6ad0cf7bc333c,
        type: 3}
      propertyPath: m_LocalPosition.z
      value: 0.00295
      objectReference: {fileID: 0}
    - target: {fileID: -4216859302048453862, guid: 9d5ebf5fa4b3aa24cbf6ad0cf7bc333c,
        type: 3}
      propertyPath: m_LocalRotation.x
      value: 0.50000006
      objectReference: {fileID: 0}
    - target: {fileID: -4216859302048453862, guid: 9d5ebf5fa4b3aa24cbf6ad0cf7bc333c,
        type: 3}
      propertyPath: m_LocalRotation.y
      value: -0.50000006
      objectReference: {fileID: 0}
    - target: {fileID: -4216859302048453862, guid: 9d5ebf5fa4b3aa24cbf6ad0cf7bc333c,
        type: 3}
      propertyPath: m_LocalRotation.z
      value: 0.5
      objectReference: {fileID: 0}
    - target: {fileID: -4216859302048453862, guid: 9d5ebf5fa4b3aa24cbf6ad0cf7bc333c,
        type: 3}
      propertyPath: m_LocalRotation.w
      value: 0.5
      objectReference: {fileID: 0}
    - target: {fileID: -4216859302048453862, guid: 9d5ebf5fa4b3aa24cbf6ad0cf7bc333c,
        type: 3}
      propertyPath: m_RootOrder
      value: 3
      objectReference: {fileID: 0}
    - target: {fileID: -4216859302048453862, guid: 9d5ebf5fa4b3aa24cbf6ad0cf7bc333c,
        type: 3}
      propertyPath: m_LocalEulerAnglesHint.x
      value: 90.00001
      objectReference: {fileID: 0}
    - target: {fileID: -4216859302048453862, guid: 9d5ebf5fa4b3aa24cbf6ad0cf7bc333c,
        type: 3}
      propertyPath: m_LocalEulerAnglesHint.y
      value: 0
      objectReference: {fileID: 0}
    - target: {fileID: -4216859302048453862, guid: 9d5ebf5fa4b3aa24cbf6ad0cf7bc333c,
        type: 3}
      propertyPath: m_LocalEulerAnglesHint.z
      value: 90
      objectReference: {fileID: 0}
    - target: {fileID: -4216859302048453862, guid: 9d5ebf5fa4b3aa24cbf6ad0cf7bc333c,
        type: 3}
      propertyPath: m_LocalScale.x
      value: 0.96
      objectReference: {fileID: 0}
    - target: {fileID: -4216859302048453862, guid: 9d5ebf5fa4b3aa24cbf6ad0cf7bc333c,
        type: 3}
      propertyPath: m_LocalScale.y
      value: 0.96
      objectReference: {fileID: 0}
    - target: {fileID: -4216859302048453862, guid: 9d5ebf5fa4b3aa24cbf6ad0cf7bc333c,
        type: 3}
      propertyPath: m_LocalScale.z
      value: 0.96
      objectReference: {fileID: 0}
    - target: {fileID: -1504981713932161579, guid: 9d5ebf5fa4b3aa24cbf6ad0cf7bc333c,
        type: 3}
      propertyPath: m_Materials.Array.data[0]
      value: 
      objectReference: {fileID: 2100000, guid: 85d6eeac07d39bf4589bc7b4cfa4a161, type: 2}
    - target: {fileID: -927199367670048503, guid: 9d5ebf5fa4b3aa24cbf6ad0cf7bc333c,
        type: 3}
      propertyPath: m_Name
      value: pipe_binder_low (3)
      objectReference: {fileID: 0}
    - target: {fileID: -927199367670048503, guid: 9d5ebf5fa4b3aa24cbf6ad0cf7bc333c,
        type: 3}
      propertyPath: m_StaticEditorFlags
      value: 4294967295
      objectReference: {fileID: 0}
    m_RemovedComponents: []
  m_SourcePrefab: {fileID: 100100000, guid: 9d5ebf5fa4b3aa24cbf6ad0cf7bc333c, type: 3}
--- !u!4 &1008228894929678012 stripped
Transform:
  m_CorrespondingSourceObject: {fileID: -4216859302048453862, guid: 9d5ebf5fa4b3aa24cbf6ad0cf7bc333c,
    type: 3}
  m_PrefabInstance: {fileID: 5226222961732142502}
  m_PrefabAsset: {fileID: 0}
--- !u!1001 &6036259847214368995
PrefabInstance:
  m_ObjectHideFlags: 0
  serializedVersion: 2
  m_Modification:
    m_TransformParent: {fileID: 3994149177626579609}
    m_Modifications:
    - target: {fileID: -4216859302048453862, guid: 9d5ebf5fa4b3aa24cbf6ad0cf7bc333c,
        type: 3}
      propertyPath: m_LocalPosition.x
      value: -0.01913
      objectReference: {fileID: 0}
    - target: {fileID: -4216859302048453862, guid: 9d5ebf5fa4b3aa24cbf6ad0cf7bc333c,
        type: 3}
      propertyPath: m_LocalPosition.y
      value: 0.00088
      objectReference: {fileID: 0}
    - target: {fileID: -4216859302048453862, guid: 9d5ebf5fa4b3aa24cbf6ad0cf7bc333c,
        type: 3}
      propertyPath: m_LocalPosition.z
      value: 0.00564
      objectReference: {fileID: 0}
    - target: {fileID: -4216859302048453862, guid: 9d5ebf5fa4b3aa24cbf6ad0cf7bc333c,
        type: 3}
      propertyPath: m_LocalRotation.x
      value: -0.000022560356
      objectReference: {fileID: 0}
    - target: {fileID: -4216859302048453862, guid: 9d5ebf5fa4b3aa24cbf6ad0cf7bc333c,
        type: 3}
      propertyPath: m_LocalRotation.y
      value: -0.9490764
      objectReference: {fileID: 0}
    - target: {fileID: -4216859302048453862, guid: 9d5ebf5fa4b3aa24cbf6ad0cf7bc333c,
        type: 3}
      propertyPath: m_LocalRotation.z
      value: -0.31504613
      objectReference: {fileID: 0}
    - target: {fileID: -4216859302048453862, guid: 9d5ebf5fa4b3aa24cbf6ad0cf7bc333c,
        type: 3}
      propertyPath: m_LocalRotation.w
      value: -0.00006929039
      objectReference: {fileID: 0}
    - target: {fileID: -4216859302048453862, guid: 9d5ebf5fa4b3aa24cbf6ad0cf7bc333c,
        type: 3}
      propertyPath: m_RootOrder
      value: 2
      objectReference: {fileID: 0}
    - target: {fileID: -4216859302048453862, guid: 9d5ebf5fa4b3aa24cbf6ad0cf7bc333c,
        type: 3}
      propertyPath: m_LocalEulerAnglesHint.x
      value: 216.727
      objectReference: {fileID: 0}
    - target: {fileID: -4216859302048453862, guid: 9d5ebf5fa4b3aa24cbf6ad0cf7bc333c,
        type: 3}
      propertyPath: m_LocalEulerAnglesHint.y
      value: -0.010009766
      objectReference: {fileID: 0}
    - target: {fileID: -4216859302048453862, guid: 9d5ebf5fa4b3aa24cbf6ad0cf7bc333c,
        type: 3}
      propertyPath: m_LocalEulerAnglesHint.z
      value: 180.006
      objectReference: {fileID: 0}
    - target: {fileID: -4216859302048453862, guid: 9d5ebf5fa4b3aa24cbf6ad0cf7bc333c,
        type: 3}
      propertyPath: m_LocalScale.x
      value: 0.96
      objectReference: {fileID: 0}
    - target: {fileID: -4216859302048453862, guid: 9d5ebf5fa4b3aa24cbf6ad0cf7bc333c,
        type: 3}
      propertyPath: m_LocalScale.y
      value: 0.96
      objectReference: {fileID: 0}
    - target: {fileID: -4216859302048453862, guid: 9d5ebf5fa4b3aa24cbf6ad0cf7bc333c,
        type: 3}
      propertyPath: m_LocalScale.z
      value: 0.96
      objectReference: {fileID: 0}
    - target: {fileID: -1504981713932161579, guid: 9d5ebf5fa4b3aa24cbf6ad0cf7bc333c,
        type: 3}
      propertyPath: m_Materials.Array.data[0]
      value: 
      objectReference: {fileID: 2100000, guid: 85d6eeac07d39bf4589bc7b4cfa4a161, type: 2}
    - target: {fileID: -927199367670048503, guid: 9d5ebf5fa4b3aa24cbf6ad0cf7bc333c,
        type: 3}
      propertyPath: m_Name
      value: pipe_binder_low (2)
      objectReference: {fileID: 0}
    - target: {fileID: -927199367670048503, guid: 9d5ebf5fa4b3aa24cbf6ad0cf7bc333c,
        type: 3}
      propertyPath: m_StaticEditorFlags
      value: 4294967295
      objectReference: {fileID: 0}
    m_RemovedComponents: []
  m_SourcePrefab: {fileID: 100100000, guid: 9d5ebf5fa4b3aa24cbf6ad0cf7bc333c, type: 3}
--- !u!4 &1639220757189043193 stripped
Transform:
  m_CorrespondingSourceObject: {fileID: -4216859302048453862, guid: 9d5ebf5fa4b3aa24cbf6ad0cf7bc333c,
    type: 3}
  m_PrefabInstance: {fileID: 6036259847214368995}
  m_PrefabAsset: {fileID: 0}
--- !u!1001 &7065483052095250080
PrefabInstance:
  m_ObjectHideFlags: 0
  serializedVersion: 2
  m_Modification:
    m_TransformParent: {fileID: 3994149177626579609}
    m_Modifications:
    - target: {fileID: -4216859302048453862, guid: 376b49872c5b53345a8278a7ea75770e,
        type: 3}
      propertyPath: m_LocalPosition.x
      value: -0.01664
      objectReference: {fileID: 0}
    - target: {fileID: -4216859302048453862, guid: 376b49872c5b53345a8278a7ea75770e,
        type: 3}
      propertyPath: m_LocalPosition.y
      value: 0.0007
      objectReference: {fileID: 0}
    - target: {fileID: -4216859302048453862, guid: 376b49872c5b53345a8278a7ea75770e,
        type: 3}
      propertyPath: m_LocalPosition.z
      value: 0.002643
      objectReference: {fileID: 0}
    - target: {fileID: -4216859302048453862, guid: 376b49872c5b53345a8278a7ea75770e,
        type: 3}
      propertyPath: m_LocalRotation.x
      value: 0.58943164
      objectReference: {fileID: 0}
    - target: {fileID: -4216859302048453862, guid: 376b49872c5b53345a8278a7ea75770e,
        type: 3}
      propertyPath: m_LocalRotation.y
      value: 0.39060256
      objectReference: {fileID: 0}
    - target: {fileID: -4216859302048453862, guid: 376b49872c5b53345a8278a7ea75770e,
        type: 3}
      propertyPath: m_LocalRotation.z
      value: -0.39060256
      objectReference: {fileID: 0}
    - target: {fileID: -4216859302048453862, guid: 376b49872c5b53345a8278a7ea75770e,
        type: 3}
      propertyPath: m_LocalRotation.w
      value: 0.58943164
      objectReference: {fileID: 0}
    - target: {fileID: -4216859302048453862, guid: 376b49872c5b53345a8278a7ea75770e,
        type: 3}
      propertyPath: m_RootOrder
      value: 0
      objectReference: {fileID: 0}
    - target: {fileID: -4216859302048453862, guid: 376b49872c5b53345a8278a7ea75770e,
        type: 3}
      propertyPath: m_LocalEulerAnglesHint.x
      value: 90
      objectReference: {fileID: 0}
    - target: {fileID: -4216859302048453862, guid: 376b49872c5b53345a8278a7ea75770e,
        type: 3}
      propertyPath: m_LocalEulerAnglesHint.y
      value: 89.99899
      objectReference: {fileID: 0}
    - target: {fileID: -4216859302048453862, guid: 376b49872c5b53345a8278a7ea75770e,
        type: 3}
      propertyPath: m_LocalEulerAnglesHint.z
      value: 22.93599
      objectReference: {fileID: 0}
    - target: {fileID: -4216859302048453862, guid: 376b49872c5b53345a8278a7ea75770e,
        type: 3}
      propertyPath: m_LocalScale.x
      value: 1
      objectReference: {fileID: 0}
    - target: {fileID: -4216859302048453862, guid: 376b49872c5b53345a8278a7ea75770e,
        type: 3}
      propertyPath: m_LocalScale.y
      value: 1
      objectReference: {fileID: 0}
    - target: {fileID: -4216859302048453862, guid: 376b49872c5b53345a8278a7ea75770e,
        type: 3}
      propertyPath: m_LocalScale.z
      value: 1
      objectReference: {fileID: 0}
    - target: {fileID: -1504981713932161579, guid: 376b49872c5b53345a8278a7ea75770e,
        type: 3}
      propertyPath: m_Materials.Array.data[0]
      value: 
      objectReference: {fileID: 2100000, guid: 698152ed3a7134748ae7d38c02df3f27, type: 2}
    - target: {fileID: -927199367670048503, guid: 376b49872c5b53345a8278a7ea75770e,
        type: 3}
      propertyPath: m_Name
      value: pipe_90degree (1)
      objectReference: {fileID: 0}
    - target: {fileID: -927199367670048503, guid: 376b49872c5b53345a8278a7ea75770e,
        type: 3}
      propertyPath: m_StaticEditorFlags
      value: 4294967295
      objectReference: {fileID: 0}
    m_RemovedComponents: []
  m_SourcePrefab: {fileID: 100100000, guid: 376b49872c5b53345a8278a7ea75770e, type: 3}
--- !u!4 &2843767701090317754 stripped
Transform:
  m_CorrespondingSourceObject: {fileID: -4216859302048453862, guid: 376b49872c5b53345a8278a7ea75770e,
    type: 3}
  m_PrefabInstance: {fileID: 7065483052095250080}
  m_PrefabAsset: {fileID: 0}
--- !u!1001 &8254836290192740529
PrefabInstance:
  m_ObjectHideFlags: 0
  serializedVersion: 2
  m_Modification:
    m_TransformParent: {fileID: 3994149177626579609}
    m_Modifications:
    - target: {fileID: -4216859302048453862, guid: 9d5ebf5fa4b3aa24cbf6ad0cf7bc333c,
        type: 3}
      propertyPath: m_LocalPosition.x
      value: -0.011891
      objectReference: {fileID: 0}
    - target: {fileID: -4216859302048453862, guid: 9d5ebf5fa4b3aa24cbf6ad0cf7bc333c,
        type: 3}
      propertyPath: m_LocalPosition.y
      value: 0.00021
      objectReference: {fileID: 0}
    - target: {fileID: -4216859302048453862, guid: 9d5ebf5fa4b3aa24cbf6ad0cf7bc333c,
        type: 3}
      propertyPath: m_LocalPosition.z
      value: 0.00295
      objectReference: {fileID: 0}
    - target: {fileID: -4216859302048453862, guid: 9d5ebf5fa4b3aa24cbf6ad0cf7bc333c,
        type: 3}
      propertyPath: m_LocalRotation.x
      value: 0.50000006
      objectReference: {fileID: 0}
    - target: {fileID: -4216859302048453862, guid: 9d5ebf5fa4b3aa24cbf6ad0cf7bc333c,
        type: 3}
      propertyPath: m_LocalRotation.y
      value: 0.50000006
      objectReference: {fileID: 0}
    - target: {fileID: -4216859302048453862, guid: 9d5ebf5fa4b3aa24cbf6ad0cf7bc333c,
        type: 3}
      propertyPath: m_LocalRotation.z
      value: -0.5
      objectReference: {fileID: 0}
    - target: {fileID: -4216859302048453862, guid: 9d5ebf5fa4b3aa24cbf6ad0cf7bc333c,
        type: 3}
      propertyPath: m_LocalRotation.w
      value: 0.5
      objectReference: {fileID: 0}
    - target: {fileID: -4216859302048453862, guid: 9d5ebf5fa4b3aa24cbf6ad0cf7bc333c,
        type: 3}
      propertyPath: m_RootOrder
      value: 4
      objectReference: {fileID: 0}
    - target: {fileID: -4216859302048453862, guid: 9d5ebf5fa4b3aa24cbf6ad0cf7bc333c,
        type: 3}
      propertyPath: m_LocalEulerAnglesHint.x
      value: 90.00001
      objectReference: {fileID: 0}
    - target: {fileID: -4216859302048453862, guid: 9d5ebf5fa4b3aa24cbf6ad0cf7bc333c,
        type: 3}
      propertyPath: m_LocalEulerAnglesHint.y
      value: 0
      objectReference: {fileID: 0}
    - target: {fileID: -4216859302048453862, guid: 9d5ebf5fa4b3aa24cbf6ad0cf7bc333c,
        type: 3}
      propertyPath: m_LocalEulerAnglesHint.z
      value: -90
      objectReference: {fileID: 0}
    - target: {fileID: -4216859302048453862, guid: 9d5ebf5fa4b3aa24cbf6ad0cf7bc333c,
        type: 3}
      propertyPath: m_LocalScale.x
      value: 0.96
      objectReference: {fileID: 0}
    - target: {fileID: -4216859302048453862, guid: 9d5ebf5fa4b3aa24cbf6ad0cf7bc333c,
        type: 3}
      propertyPath: m_LocalScale.y
      value: 0.96
      objectReference: {fileID: 0}
    - target: {fileID: -4216859302048453862, guid: 9d5ebf5fa4b3aa24cbf6ad0cf7bc333c,
        type: 3}
      propertyPath: m_LocalScale.z
      value: 0.96
      objectReference: {fileID: 0}
    - target: {fileID: -1504981713932161579, guid: 9d5ebf5fa4b3aa24cbf6ad0cf7bc333c,
        type: 3}
      propertyPath: m_Materials.Array.data[0]
      value: 
      objectReference: {fileID: 2100000, guid: 85d6eeac07d39bf4589bc7b4cfa4a161, type: 2}
    - target: {fileID: -927199367670048503, guid: 9d5ebf5fa4b3aa24cbf6ad0cf7bc333c,
        type: 3}
      propertyPath: m_Name
      value: pipe_binder_low (4)
      objectReference: {fileID: 0}
    - target: {fileID: -927199367670048503, guid: 9d5ebf5fa4b3aa24cbf6ad0cf7bc333c,
        type: 3}
      propertyPath: m_StaticEditorFlags
      value: 4294967295
      objectReference: {fileID: 0}
    m_RemovedComponents: []
  m_SourcePrefab: {fileID: 100100000, guid: 9d5ebf5fa4b3aa24cbf6ad0cf7bc333c, type: 3}
--- !u!4 &4032310530363931563 stripped
Transform:
  m_CorrespondingSourceObject: {fileID: -4216859302048453862, guid: 9d5ebf5fa4b3aa24cbf6ad0cf7bc333c,
    type: 3}
  m_PrefabInstance: {fileID: 8254836290192740529}
  m_PrefabAsset: {fileID: 0}
